<?xml version="1.0" encoding="UTF-8"?>
<!DOCTYPE html PUBLIC "-//W3C//DTD XHTML 1.0 Transitional//EN"
    "http://www.w3.org/TR/xhtml1/DTD/xhtml1-transitional.dtd">
<html xmlns="http://www.w3.org/1999/xhtml" xml:lang="en" lang="en">
 <head>
  <title>
</title>
<meta http-equiv="Content-Type" content="text/html;charset=utf-8" />
  <meta name='ocr-system' content='tesseract 3.04.00' />
  <meta name='ocr-capabilities' content='ocr_page ocr_carea ocr_par ocr_line ocrx_word'/>
</head>
<body>
  <div class='ocr_page' id='page_1' title='image "./johannisclauber00claugoog_0189.png"; bbox 0 0 3391 4418; ppageno 0'>
   <div class='ocr_carea' id='block_1_1' title="bbox 992 84 2809 211">
    <p class='ocr_par' dir='ltr' id='par_1_1' title="bbox 992 84 2809 211">
     <span class='ocr_line' id='line_1_1' title="bbox 992 84 2809 211; baseline 0.013 -44"><span class='ocrx_word' id='word_1_1' title='bbox 992 84 1055 167; x_wconf 92' lang='lat' dir='ltr'>P</span> <span class='ocrx_word' id='word_1_2' title='bbox 1117 107 1180 163; x_wconf 77' lang='lat' dir='ltr'>n</span> <span class='ocrx_word' id='word_1_3' title='bbox 1245 106 1300 161; x_wconf 72' lang='lat' dir='ltr'>Y</span> <span class='ocrx_word' id='word_1_4' title='bbox 1367 105 1403 161; x_wconf 86' lang='lat' dir='ltr'>s</span> <span class='ocrx_word' id='word_1_5' title='bbox 1475 106 1507 162; x_wconf 90' lang='lat'>1</span> <span class='ocrx_word' id='word_1_6' title='bbox 1575 109 1623 164; x_wconf 88' lang='lat' dir='ltr'>c</span> <span class='ocrx_word' id='word_1_7' title='bbox 1688 108 1751 166; x_wconf 72' lang='lat' dir='ltr'>A</span> <span class='ocrx_word' id='word_1_8' title='bbox 1864 85 2228 184; x_wconf 84' lang='lat' dir='ltr'><strong>XVIII.</strong></span> <span class='ocrx_word' id='word_1_9' title='bbox 2661 128 2809 211; x_wconf 80' lang='lat'>¹69</span> 
     </span>
    </p>
   </div>
   <div class='ocr_carea' id='block_1_2' title="bbox 331 195 2866 1798">
    <p class='ocr_par' dir='ltr' id='par_1_2' title="bbox 352 195 2801 577">
     <span class='ocr_line' id='line_1_2' title="bbox 361 195 2801 317; baseline 0.007 -41"><span class='ocrx_word' id='word_1_10' title='bbox 361 196 854 300; x_wconf 78' lang='lat' dir='ltr'>incomplexam</span> <span class='ocrx_word' id='word_1_11' title='bbox 878 250 903 283; x_wconf 92' lang='lat'>,</span> <span class='ocrx_word' id='word_1_12' title='bbox 935 210 1156 279; x_wconf 82' lang='lat' dir='ltr'>Deum,</span> <span class='ocrx_word' id='word_1_13' title='bbox 1212 195 1385 265; x_wconf 80' lang='lat' dir='ltr'>aliud</span> <span class='ocrx_word' id='word_1_14' title='bbox 1410 219 1564 266; x_wconf 88' lang='lat' dir='ltr'>com</span> <span class='ocrx_word' id='word_1_15' title='bbox 1614 196 1826 271; x_wconf 82' lang='lat' dir='ltr'>lexum</span> <span class='ocrx_word' id='word_1_16' title='bbox 1849 252 1871 286; x_wconf 89' lang='lat'>,</span> <span class='ocrx_word' id='word_1_17' title='bbox 1927 210 2169 279; x_wconf 83' lang='lat' dir='ltr'><em>Verbum</em></span> <span class='ocrx_word' id='word_1_18' title='bbox 2185 210 2319 291; x_wconf 73' lang='lat' dir='ltr'>mi.</span> <span class='ocrx_word' id='word_1_19' title='bbox 2372 214 2561 289; x_wconf 77' lang='lat' dir='ltr'>Etde</span> <span class='ocrx_word' id='word_1_20' title='bbox 2577 215 2801 317; x_wconf 80' lang='lat' dir='ltr'>hujus-</span> 
     </span>
     <span class='ocr_line' id='line_1_3' title="bbox 352 223 2792 401; baseline 0.008 -27"><span class='ocrx_word' id='word_1_21' title='bbox 352 297 755 374; x_wconf 68' lang='lat' dir='ltr'>modicausa</span> <span class='ocrx_word' id='word_1_22' title='bbox 770 299 1137 397; x_wconf 82' lang='lat' dir='ltr'>particulari</span> <span class='ocrx_word' id='word_1_23' title='bbox 1155 349 1178 382; x_wconf 87' lang='lat'>,</span> <span class='ocrx_word' id='word_1_24' title='bbox 1230 322 1376 393; x_wconf 84' lang='lat' dir='ltr'>quae</span> <span class='ocrx_word' id='word_1_25' title='bbox 1394 223 1665 370; x_wconf 55' lang='lat' dir='ltr'>sehaget</span> <span class='ocrx_word' id='word_1_26' title='bbox 1684 322 1754 371; x_wconf 89' lang='lat' dir='ltr'>ut</span> <span class='ocrx_word' id='word_1_27' title='bbox 1773 299 2034 401; x_wconf 85' lang='lat' dir='ltr'>legesin</span> <span class='ocrx_word' id='word_1_28' title='bbox 2063 309 2378 400; x_wconf 85' lang='lat' dir='ltr'>Politica,</span> <span class='ocrx_word' id='word_1_29' title='bbox 2415 340 2486 389; x_wconf 87' lang='lat' dir='ltr'>ut</span> <span class='ocrx_word' id='word_1_30' title='bbox 2515 318 2792 394; x_wconf 88' lang='lat' dir='ltr'>verbum</span> 
     </span>
     <span class='ocr_line' id='line_1_4' title="bbox 356 394 2791 574; baseline 0.007 -99"><span class='ocrx_word' id='word_1_31' title='bbox 356 406 517 574; x_wconf 59' lang='lat' dir='ltr'>Der}</span> <span class='ocrx_word' id='word_1_32' title='bbox 526 406 598 474; x_wconf 88' lang='lat' dir='ltr'>in</span> <span class='ocrx_word' id='word_1_33' title='bbox 656 397 1037 500; x_wconf 88' lang='lat' dir='ltr'>Theologia</span> <span class='ocrx_word' id='word_1_34' title='bbox 1077 450 1101 485; x_wconf 91' lang='lat'>,</span> <span class='ocrx_word' id='word_1_35' title='bbox 1178 394 1508 499; x_wconf 81' lang='lat' dir='ltr'>agendum</span> <span class='ocrx_word' id='word_1_36' title='bbox 1569 396 1766 473; x_wconf 86' lang='lat' dir='ltr'>nobis</span> <span class='ocrx_word' id='word_1_37' title='bbox 1821 404 1912 473; x_wconf 87' lang='lat' dir='ltr'>est</span> <span class='ocrx_word' id='word_1_38' title='bbox 1958 412 2026 478; x_wconf 92' lang='lat' dir='ltr'>in</span> <span class='ocrx_word' id='word_1_39' title='bbox 2078 406 2374 504; x_wconf 82' lang='lat' dir='ltr'>Phyfices</span> <span class='ocrx_word' id='word_1_40' title='bbox 2422 442 2608 517; x_wconf 87' lang='lat' dir='ltr'>parte</span> <span class='ocrx_word' id='word_1_41' title='bbox 2638 424 2791 493; x_wconf 86' lang='lat' dir='ltr'>uni-</span> 
     </span>
     <span class='ocr_line' id='line_1_5' title="bbox 360 502 603 577; baseline -0.025 0"><span class='ocrx_word' id='word_1_42' title='bbox 360 527 442 577; x_wconf 85' lang='lat' dir='ltr'>ve</span> <span class='ocrx_word' id='word_1_43' title='bbox 502 502 603 574; x_wconf 88' lang='lat' dir='ltr'>ali.</span> 
     </span>
    </p>

    <p class='ocr_par' dir='ltr' id='par_1_3' title="bbox 342 582 2780 1001">
     <span class='ocr_line' id='line_1_6' title="bbox 448 582 2780 717; baseline 0.009 -45"><span class='ocrx_word' id='word_1_44' title='bbox 448 627 525 693; x_wconf 88' lang='lat'>9.</span> <span class='ocrx_word' id='word_1_45' title='bbox 577 604 736 672; x_wconf 82' lang='lat' dir='ltr'>Haec</span> <span class='ocrx_word' id='word_1_46' title='bbox 752 598 833 670; x_wconf 91' lang='lat' dir='ltr'>de</span> <span class='ocrx_word' id='word_1_47' title='bbox 864 582 1093 672; x_wconf 77' lang='lat' dir='ltr'>Motus</span> <span class='ocrx_word' id='word_1_48' title='bbox 1125 594 1309 672; x_wconf 88' lang='lat' dir='ltr'>causa</span> <span class='ocrx_word' id='word_1_49' title='bbox 1338 600 1921 701; x_wconf 61' lang='lat' dir='ltr'>generaliter-dieta</span> <span class='ocrx_word' id='word_1_50' title='bbox 1939 600 2126 680; x_wconf 87' lang='lat' dir='ltr'>sunto</span> <span class='ocrx_word' id='word_1_51' title='bbox 2169 633 2187 679; x_wconf 74' lang='grc' dir='ltr'><strong>ε</strong></span> <span class='ocrx_word' id='word_1_52' title='bbox 2241 636 2415 683; x_wconf 88' lang='lat' dir='ltr'>nunc</span> <span class='ocrx_word' id='word_1_53' title='bbox 2452 611 2780 717; x_wconf 79' lang='lat' dir='ltr'>speciatim</span> 
     </span>
     <span class='ocr_line' id='line_1_7' title="bbox 342 697 2776 809; baseline 0.007 -35"><span class='ocrx_word' id='word_1_54' title='bbox 342 706 565 805; x_wconf 72' lang='lat' dir='ltr'>primo</span> <span class='ocrx_word' id='word_1_55' title='bbox 606 697 1066 785; x_wconf 87' lang='lat' dir='ltr'>universalem,</span> <span class='ocrx_word' id='word_1_56' title='bbox 1109 699 1351 772; x_wconf 91' lang='lat' dir='ltr'>deinde</span> <span class='ocrx_word' id='word_1_57' title='bbox 1379 702 1834 802; x_wconf 83' lang='lat' dir='ltr'>particularem</span> <span class='ocrx_word' id='word_1_58' title='bbox 1879 709 2494 809; x_wconf 81' lang='lat' dir='ltr'><strong>contemplabimur.</strong></span> <span class='ocrx_word' id='word_1_59' title='bbox 2543 726 2651 788; x_wconf 89' lang='lat' dir='ltr'>Ac</span> <span class='ocrx_word' id='word_1_60' title='bbox 2689 718 2776 790; x_wconf 88' lang='lat' dir='ltr'>de</span> 
     </span>
     <span class='ocr_line' id='line_1_8' title="bbox 345 798 2774 916; baseline 0.007 -40"><span class='ocrx_word' id='word_1_61' title='bbox 345 799 678 876; x_wconf 66' lang='lat' dir='ltr'>universali</span> <span class='ocrx_word' id='word_1_62' title='bbox 697 798 970 898; x_wconf 90' lang='lat' dir='ltr'>quidem</span> <span class='ocrx_word' id='word_1_63' title='bbox 1001 799 1368 876; x_wconf 83' lang='lat' dir='ltr'>videbimus</span> <span class='ocrx_word' id='word_1_64' title='bbox 1400 802 1618 904; x_wconf 75' lang='lat' dir='ltr'>primo</span> <span class='ocrx_word' id='word_1_65' title='bbox 1638 848 1661 879; x_wconf 67' lang='lat'><em>2</em></span> <span class='ocrx_word' id='word_1_66' title='bbox 1710 830 2011 902; x_wconf 87' lang='lat' dir='ltr'>quaenam</span> <span class='ocrx_word' id='word_1_67' title='bbox 2041 806 2116 881; x_wconf 84' lang='lat' dir='ltr'>fit</span> <span class='ocrx_word' id='word_1_68' title='bbox 2135 862 2160 896; x_wconf 91' lang='lat'>,</span> <span class='ocrx_word' id='word_1_69' title='bbox 2202 809 2479 901; x_wconf 85' lang='lat' dir='ltr'>deinde,</span> <span class='ocrx_word' id='word_1_70' title='bbox 2517 842 2664 916; x_wconf 79' lang='lat' dir='ltr'>quae</span> <span class='ocrx_word' id='word_1_71' title='bbox 2697 816 2774 893; x_wconf 83' lang='lat' dir='ltr'>fit</span> 
     </span>
     <span class='ocr_line' id='line_1_9' title="bbox 345 900 2665 1001; baseline 0.005 -25"><span class='ocrx_word' id='word_1_72' title='bbox 345 910 485 1001; x_wconf 79' lang='lat' dir='ltr'>ejus</span> <span class='ocrx_word' id='word_1_73' title='bbox 501 907 681 975; x_wconf 59' lang='lat' dir='ltr'>aetio</span> <span class='ocrx_word' id='word_1_74' title='bbox 708 900 998 999; x_wconf 64' lang='lat' dir='ltr'>respectu</span> <span class='ocrx_word' id='word_1_75' title='bbox 1022 924 1266 973; x_wconf 78' lang='lat' dir='ltr'>motus,</span> <span class='ocrx_word' id='word_1_76' title='bbox 1549 938 1552 947; x_wconf 57' lang='lat'><strong><em>⁴</em></strong></span> <span class='ocrx_word' id='word_1_77' title='bbox 1756 964 1773 981; x_wconf 82' lang='grc'><em>.</em></span> <span class='ocrx_word' id='word_1_78' title='bbox 1945 946 1955 955; x_wconf 88' lang='grc'><em>·</em></span> <span class='ocrx_word' id='word_1_79' title='bbox 2403 989 2409 993; x_wconf 74' lang='grc'>,</span> <span class='ocrx_word' id='word_1_80' title='bbox 2656 914 2665 919; x_wconf 76' lang='grc'><strong>’</strong></span> 
     </span>
    </p>

    <p class='ocr_par' dir='ltr' id='par_1_4' title="bbox 331 998 2866 1798">
     <span class='ocr_line' id='line_1_10' title="bbox 445 998 2866 1108; baseline 0.01 -42"><span class='ocrx_word' id='word_1_81' title='bbox 445 1031 560 1093; x_wconf 69' lang='grc' dir='ltr'>ιο,</span> <span class='ocrx_word' id='word_1_82' title='bbox 610 999 1059 1091; x_wconf 75' lang='lat' dir='ltr'>Universalem</span> <span class='ocrx_word' id='word_1_83' title='bbox 1087 998 1586 1072; x_wconf 73' lang='lat' dir='ltr'>Motuscauiam</span> <span class='ocrx_word' id='word_1_84' title='bbox 1606 1003 1800 1076; x_wconf 81' lang='lat' dir='ltr'>aliam</span> <span class='ocrx_word' id='word_1_85' title='bbox 1824 1004 1946 1077; x_wconf 78' lang='lat' dir='ltr'>effe</span> <span class='ocrx_word' id='word_1_86' title='bbox 1961 1033 2101 1081; x_wconf 91' lang='lat' dir='ltr'>non</span> <span class='ocrx_word' id='word_1_87' title='bbox 2116 1007 2525 1108; x_wconf 78' lang='lat' dir='ltr'>poss&#39;e,quam</span> <span class='ocrx_word' id='word_1_88' title='bbox 2547 1020 2773 1090; x_wconf 88' lang='lat' dir='ltr'>Deum</span> <span class='ocrx_word' id='word_1_89' title='bbox 2854 1057 2866 1068; x_wconf 92' lang='lat'><strong>·</strong></span> 
     </span>
     <span class='ocr_line' id='line_1_11' title="bbox 342 1094 2767 1206; baseline 0.006 -34"><span class='ocrx_word' id='word_1_90' title='bbox 342 1109 513 1206; x_wconf 86' lang='lat' dir='ltr'>Opt.</span> <span class='ocrx_word' id='word_1_91' title='bbox 535 1106 719 1174; x_wconf 80' lang='lat' dir='ltr'>Max.</span> <span class='ocrx_word' id='word_1_92' title='bbox 737 1094 878 1168; x_wconf 85' lang='lat' dir='ltr'>satis</span> <span class='ocrx_word' id='word_1_93' title='bbox 896 1096 971 1168; x_wconf 84' lang='lat' dir='ltr'>fit</span> <span class='ocrx_word' id='word_1_94' title='bbox 986 1095 1400 1169; x_wconf 83' lang='lat' dir='ltr'>manifestum</span> <span class='ocrx_word' id='word_1_95' title='bbox 1416 1104 1477 1168; x_wconf 89' lang='lat' dir='ltr'>ei</span> <span class='ocrx_word' id='word_1_96' title='bbox 1498 1153 1519 1184; x_wconf 89' lang='lat'>,</span> <span class='ocrx_word' id='word_1_97' title='bbox 1570 1107 1686 1197; x_wconf 87' lang='lat' dir='ltr'>qui</span> <span class='ocrx_word' id='word_1_98' title='bbox 1709 1102 2075 1180; x_wconf 85' lang='lat' dir='ltr'>confiderat</span> <span class='ocrx_word' id='word_1_99' title='bbox 2097 1162 2120 1193; x_wconf 90' lang='lat'>,</span> <span class='ocrx_word' id='word_1_100' title='bbox 2144 1107 2307 1179; x_wconf 82' lang='lat' dir='ltr'>nihil</span> <span class='ocrx_word' id='word_1_101' title='bbox 2347 1118 2625 1185; x_wconf 89' lang='lat' dir='ltr'>omnino</span> <span class='ocrx_word' id='word_1_102' title='bbox 2644 1116 2767 1192; x_wconf 79' lang='lat' dir='ltr'>effe</span> 
     </span>
     <span class='ocr_line' id='line_1_12' title="bbox 342 1194 2775 1305; baseline 0.004 -28"><span class='ocrx_word' id='word_1_103' title='bbox 342 1210 409 1277; x_wconf 85' lang='lat' dir='ltr'>ln</span> <span class='ocrx_word' id='word_1_104' title='bbox 429 1198 691 1275; x_wconf 89' lang='lat' dir='ltr'>mundo</span> <span class='ocrx_word' id='word_1_105' title='bbox 713 1249 736 1284; x_wconf 93' lang='lat'>,</span> <span class='ocrx_word' id='word_1_106' title='bbox 788 1194 974 1293; x_wconf 89' lang='lat' dir='ltr'>quod</span> <span class='ocrx_word' id='word_1_107' title='bbox 1007 1195 1044 1266; x_wconf 70' lang='grc' dir='ltr'>τὶ</span> <span class='ocrx_word' id='word_1_108' title='bbox 1075 1200 1236 1266; x_wconf 89' lang='lat' dir='ltr'>Deo</span> <span class='ocrx_word' id='word_1_109' title='bbox 1269 1220 1412 1266; x_wconf 91' lang='lat' dir='ltr'>non</span> <span class='ocrx_word' id='word_1_110' title='bbox 1438 1200 1749 1296; x_wconf 74' lang='lat' dir='ltr'>pendeat,</span> <span class='ocrx_word' id='word_1_111' title='bbox 1796 1205 2038 1276; x_wconf 81' lang='lat' dir='ltr'>Namfi</span> <span class='ocrx_word' id='word_1_112' title='bbox 2060 1209 2222 1305; x_wconf 89' lang='lat' dir='ltr'>quid</span> <span class='ocrx_word' id='word_1_113' title='bbox 2257 1206 2408 1282; x_wconf 83' lang='lat' dir='ltr'>esset</span> <span class='ocrx_word' id='word_1_114' title='bbox 2437 1237 2693 1293; x_wconf 83' lang='lat' dir='ltr'>retum,</span> <span class='ocrx_word' id='word_1_115' title='bbox 2727 1213 2775 1287; x_wconf 84' lang='lat' dir='ltr'>fi</span> 
     </span>
     <span class='ocr_line' id='line_1_13' title="bbox 335 1290 2771 1393; baseline 0.004 -19"><span class='ocrx_word' id='word_1_116' title='bbox 335 1301 442 1374; x_wconf 88' lang='lat' dir='ltr'>vel</span> <span class='ocrx_word' id='word_1_117' title='bbox 459 1297 784 1371; x_wconf 83' lang='lat' dir='ltr'>tantillum</span> <span class='ocrx_word' id='word_1_118' title='bbox 803 1293 954 1365; x_wconf 77' lang='lat' dir='ltr'>effer</span> <span class='ocrx_word' id='word_1_119' title='bbox 968 1300 1104 1364; x_wconf 84' lang='lat' dir='ltr'>veri</span> <span class='ocrx_word' id='word_1_120' title='bbox 1128 1318 1240 1365; x_wconf 88' lang='lat' dir='ltr'>aut</span> <span class='ocrx_word' id='word_1_121' title='bbox 1257 1290 1418 1363; x_wconf 86' lang='lat' dir='ltr'>boni</span> <span class='ocrx_word' id='word_1_122' title='bbox 1437 1346 1460 1378; x_wconf 85' lang='lat'>,</span> <span class='ocrx_word' id='word_1_123' title='bbox 1505 1295 1695 1393; x_wconf 88' lang='lat' dir='ltr'>quod</span> <span class='ocrx_word' id='word_1_124' title='bbox 1720 1305 1875 1370; x_wconf 90' lang='lat' dir='ltr'>Deo</span> <span class='ocrx_word' id='word_1_125' title='bbox 1889 1328 2029 1372; x_wconf 89' lang='lat' dir='ltr'>non</span> <span class='ocrx_word' id='word_1_126' title='bbox 2054 1304 2328 1378; x_wconf 81' lang='lat' dir='ltr'>deberet</span> <span class='ocrx_word' id='word_1_127' title='bbox 2343 1334 2563 1382; x_wconf 81' lang='lat' dir='ltr'>ortum</span> <span class='ocrx_word' id='word_1_128' title='bbox 2578 1354 2603 1388; x_wconf 68' lang='lat' dir='ltr'>a</span> <span class='ocrx_word' id='word_1_129' title='bbox 2646 1336 2771 1384; x_wconf 85' lang='lat' dir='ltr'>nec</span> 
     </span>
     <span class='ocr_line' id='line_1_14' title="bbox 340 1392 2763 1510; baseline 0.005 -41"><span class='ocrx_word' id='word_1_130' title='bbox 340 1398 524 1471; x_wconf 85' lang='lat' dir='ltr'>suum</span> <span class='ocrx_word' id='word_1_131' title='bbox 543 1403 1019 1466; x_wconf 85' lang='lat' dir='ltr'>incrementum</span> <span class='ocrx_word' id='word_1_132' title='bbox 1053 1401 1124 1465; x_wconf 76' lang='grc' dir='ltr'>δε</span> <span class='ocrx_word' id='word_1_133' title='bbox 1165 1392 1629 1464; x_wconf 81' lang='lat' dir='ltr'>duramentum</span> <span class='ocrx_word' id='word_1_134' title='bbox 1646 1396 1868 1467; x_wconf 87' lang='lat' dir='ltr'>eidem</span> <span class='ocrx_word' id='word_1_135' title='bbox 1896 1424 2239 1498; x_wconf 85' lang='lat' dir='ltr'>acceptum</span> <span class='ocrx_word' id='word_1_136' title='bbox 2269 1404 2577 1493; x_wconf 82' lang='lat' dir='ltr'>referret,</span> <span class='ocrx_word' id='word_1_137' title='bbox 2630 1407 2763 1510; x_wconf 69' lang='lat' dir='ltr'>iple</span> 
     </span>
     <span class='ocr_line' id='line_1_15' title="bbox 337 1490 2768 1603; baseline 0.005 -34"><span class='ocrx_word' id='word_1_138' title='bbox 337 1522 481 1569; x_wconf 89' lang='lat' dir='ltr'>non</span> <span class='ocrx_word' id='word_1_139' title='bbox 496 1494 648 1566; x_wconf 82' lang='lat' dir='ltr'>effer</span> <span class='ocrx_word' id='word_1_140' title='bbox 664 1499 870 1577; x_wconf 88' lang='lat' dir='ltr'>Deus,</span> <span class='ocrx_word' id='word_1_141' title='bbox 889 1493 957 1564; x_wconf 86' lang='lat' dir='ltr'>h.</span> <span class='ocrx_word' id='word_1_142' title='bbox 975 1520 1036 1564; x_wconf 90' lang='lat' dir='ltr'>e.</span> <span class='ocrx_word' id='word_1_143' title='bbox 1057 1517 1195 1563; x_wconf 92' lang='lat' dir='ltr'>non</span> <span class='ocrx_word' id='word_1_144' title='bbox 1212 1490 1365 1562; x_wconf 73' lang='lat' dir='ltr'>esset</span> <span class='ocrx_word' id='word_1_145' title='bbox 1384 1518 1483 1563; x_wconf 83' lang='lat' dir='ltr'>res</span> <span class='ocrx_word' id='word_1_146' title='bbox 1497 1490 1744 1563; x_wconf 72' lang='lat' dir='ltr'>summe</span> <span class='ocrx_word' id='word_1_147' title='bbox 1766 1490 2079 1591; x_wconf 71' lang='lat' dir='ltr'>perfecta.</span> <span class='ocrx_word' id='word_1_148' title='bbox 2126 1503 2305 1572; x_wconf 87' lang='lat' dir='ltr'>Nam</span> <span class='ocrx_word' id='word_1_149' title='bbox 2325 1509 2439 1603; x_wconf 90' lang='lat' dir='ltr'>qui</span> <span class='ocrx_word' id='word_1_150' title='bbox 2466 1533 2578 1580; x_wconf 86' lang='lat' dir='ltr'>ens</span> <span class='ocrx_word' id='word_1_151' title='bbox 2596 1506 2768 1581; x_wconf 85' lang='lat' dir='ltr'>sum-</span> 
     </span>
     <span class='ocr_line' id='line_1_16' title="bbox 337 1589 2761 1766; baseline 0.005 -97"><span class='ocrx_word' id='word_1_152' title='bbox 337 1598 452 1669; x_wconf 77' lang='lat' dir='ltr'>me</span> <span class='ocrx_word' id='word_1_153' title='bbox 473 1590 882 1766; x_wconf 60' lang='lat' dir='ltr'>clperfeetum</span> <span class='ocrx_word' id='word_1_154' title='bbox 925 1590 1082 1663; x_wconf 88' lang='lat' dir='ltr'>dicit</span> <span class='ocrx_word' id='word_1_155' title='bbox 1115 1644 1137 1679; x_wconf 96' lang='lat'>,</span> <span class='ocrx_word' id='word_1_156' title='bbox 1190 1589 1493 1694; x_wconf 83' lang='lat' dir='ltr'>intelligit</span> <span class='ocrx_word' id='word_1_157' title='bbox 1538 1615 1654 1664; x_wconf 81' lang='lat' dir='ltr'>ens</span> <span class='ocrx_word' id='word_1_158' title='bbox 1705 1593 2158 1695; x_wconf 83' lang='lat' dir='ltr'>independens</span> <span class='ocrx_word' id='word_1_159' title='bbox 2196 1654 2220 1687; x_wconf 92' lang='lat'>,</span> <span class='ocrx_word' id='word_1_160' title='bbox 2270 1602 2306 1671; x_wconf 74' lang='lat' dir='ltr'>a</span> <span class='ocrx_word' id='word_1_161' title='bbox 2351 1631 2489 1704; x_wconf 87' lang='lat' dir='ltr'>quo</span> <span class='ocrx_word' id='word_1_162' title='bbox 2532 1615 2761 1682; x_wconf 86' lang='lat' dir='ltr'>omnia</span> 
     </span>
     <span class='ocr_line' id='line_1_17' title="bbox 331 1718 659 1798; baseline 0 -31"><span class='ocrx_word' id='word_1_163' title='bbox 331 1721 467 1798; x_wconf 89' lang='lat' dir='ltr'>pen</span> <span class='ocrx_word' id='word_1_164' title='bbox 521 1718 659 1767; x_wconf 89' lang='lat' dir='ltr'>ent.</span> 
     </span>
    </p>
   </div>
   <div class='ocr_carea' id='block_1_3' title="bbox 267 1788 2753 4095">
    <p class='ocr_par' dir='ltr' id='par_1_5' title="bbox 446 1788 2753 1894">
     <span class='ocr_line' id='line_1_18' title="bbox 446 1788 2753 1894; baseline 0.003 -25"><span class='ocrx_word' id='word_1_165' title='bbox 446 1823 472 1869; x_wconf 89' lang='lat'>1</span> <span class='ocrx_word' id='word_1_166' title='bbox 498 1822 523 1867; x_wconf 85' lang='lat' dir='ltr'>r</span> <span class='ocrx_word' id='word_1_167' title='bbox 538 1844 559 1864; x_wconf 86' lang='lat'><strong>.</strong></span> <span class='ocrx_word' id='word_1_168' title='bbox 587 1796 934 1894; x_wconf 75' lang='lat' dir='ltr'>speciatim</span> <span class='ocrx_word' id='word_1_169' title='bbox 957 1797 1155 1864; x_wconf 86' lang='lat' dir='ltr'>etiarn</span> <span class='ocrx_word' id='word_1_170' title='bbox 1173 1788 1219 1862; x_wconf 86' lang='lat' dir='ltr'>fi</span> <span class='ocrx_word' id='word_1_171' title='bbox 1237 1791 2022 1871; x_wconf 84' lang='lat' dir='ltr'>attendamusitntnensos</span> <span class='ocrx_word' id='word_1_172' title='bbox 2037 1798 2374 1876; x_wconf 70' lang='lat' dir='ltr'>caelestium</span> <span class='ocrx_word' id='word_1_173' title='bbox 2393 1803 2512 1877; x_wconf 85' lang='lat' dir='ltr'>cor</span> <span class='ocrx_word' id='word_1_174' title='bbox 2559 1831 2753 1879; x_wconf 82' lang='lat' dir='ltr'>orum</span> 
     </span>
    </p>

    <p class='ocr_par' dir='ltr' id='par_1_6' title="bbox 325 1832 2752 1995">
     <span class='ocr_line' id='line_1_19' title="bbox 325 1832 2752 1995; baseline 0.004 -25"><span class='ocrx_word' id='word_1_175' title='bbox 325 1889 1072 1991; x_wconf 82' lang='lat' dir='ltr'>vehementiffimosque,</span> <span class='ocrx_word' id='word_1_176' title='bbox 1095 1892 1670 1995; x_wconf 74' lang='lat' dir='ltr'>quibus-perpetuo</span> <span class='ocrx_word' id='word_1_177' title='bbox 1687 1903 1938 1971; x_wconf 87' lang='lat' dir='ltr'>cientur</span> <span class='ocrx_word' id='word_1_178' title='bbox 1953 1953 1973 1985; x_wconf 92' lang='lat'>,</span> <span class='ocrx_word' id='word_1_179' title='bbox 1989 1926 2217 1975; x_wconf 86' lang='lat' dir='ltr'>motus</span> <span class='ocrx_word' id='word_1_180' title='bbox 2234 1949 2256 1983; x_wconf 85' lang='lat'>‚</span> <span class='ocrx_word' id='word_1_181' title='bbox 2289 1908 2484 1980; x_wconf 87' lang='lat' dir='ltr'>maris</span> <span class='ocrx_word' id='word_1_182' title='bbox 2503 1832 2752 1985; x_wconf 50' lang='lat' dir='ltr'>&amp;uxum</span> 
     </span>
    </p>

    <p class='ocr_par' dir='ltr' id='par_1_7' title="bbox 321 1991 2751 2397">
     <span class='ocr_line' id='line_1_20' title="bbox 331 1991 2751 2103; baseline 0.004 -33"><span class='ocrx_word' id='word_1_183' title='bbox 331 2005 401 2070; x_wconf 70' lang='grc' dir='ltr'>ὃ(</span> <span class='ocrx_word' id='word_1_184' title='bbox 426 1997 738 2068; x_wconf 85' lang='lat' dir='ltr'>refluxum</span> <span class='ocrx_word' id='word_1_185' title='bbox 759 1991 1237 2082; x_wconf 82' lang='lat' dir='ltr'>admirabilem,</span> <span class='ocrx_word' id='word_1_186' title='bbox 1259 2000 1517 2068; x_wconf 82' lang='lat' dir='ltr'>terraein</span> <span class='ocrx_word' id='word_1_187' title='bbox 1533 1993 1960 2093; x_wconf 81' lang='lat' dir='ltr'>liquidiffimo</span> <span class='ocrx_word' id='word_1_188' title='bbox 1991 2002 2167 2074; x_wconf 84' lang='lat' dir='ltr'>coelo</span> <span class='ocrx_word' id='word_1_189' title='bbox 2188 2008 2475 2103; x_wconf 86' lang='lat' dir='ltr'>quietem</span> <span class='ocrx_word' id='word_1_190' title='bbox 2500 2015 2751 2091; x_wconf 45' lang='lat' dir='ltr'>&amp;conf</span> 
     </span>
     <span class='ocr_line' id='line_1_21' title="bbox 324 2092 2748 2204; baseline 0.005 -37"><span class='ocrx_word' id='word_1_191' title='bbox 324 2093 687 2176; x_wconf 67' lang='lat' dir='ltr'>sistentiam,</span> <span class='ocrx_word' id='word_1_192' title='bbox 710 2097 993 2195; x_wconf 86' lang='lat' dir='ltr'>primam</span> <span class='ocrx_word' id='word_1_193' title='bbox 1024 2119 1219 2191; x_wconf 90' lang='lat' dir='ltr'>atque</span> <span class='ocrx_word' id='word_1_194' title='bbox 1241 2092 1659 2169; x_wconf 73' lang='lat' dir='ltr'>universalem</span> <span class='ocrx_word' id='word_1_195' title='bbox 1681 2104 1887 2171; x_wconf 84' lang='lat' dir='ltr'>totius</span> <span class='ocrx_word' id='word_1_196' title='bbox 1918 2125 2141 2175; x_wconf 84' lang='lat' dir='ltr'>motus</span> <span class='ocrx_word' id='word_1_197' title='bbox 2157 2114 2227 2177; x_wconf 76' lang='grc' dir='ltr'>δε</span> <span class='ocrx_word' id='word_1_198' title='bbox 2247 2113 2485 2204; x_wconf 87' lang='lat' dir='ltr'>quietis</span> <span class='ocrx_word' id='word_1_199' title='bbox 2510 2112 2577 2179; x_wconf 92' lang='lat' dir='ltr'>in</span> <span class='ocrx_word' id='word_1_200' title='bbox 2600 2114 2748 2181; x_wconf 87' lang='lat' dir='ltr'>uni-</span> 
     </span>
     <span class='ocr_line' id='line_1_22' title="bbox 321 2192 2750 2310; baseline 0.005 -41"><span class='ocrx_word' id='word_1_201' title='bbox 321 2192 501 2270; x_wconf 86' lang='lat' dir='ltr'>verso</span> <span class='ocrx_word' id='word_1_202' title='bbox 528 2192 782 2268; x_wconf 90' lang='lat' dir='ltr'>eausam</span> <span class='ocrx_word' id='word_1_203' title='bbox 800 2192 1225 2295; x_wconf 82' lang='lat' dir='ltr'>agnoscemus</span> <span class='ocrx_word' id='word_1_204' title='bbox 1247 2223 1386 2271; x_wconf 92' lang='lat' dir='ltr'>non</span> <span class='ocrx_word' id='word_1_205' title='bbox 1403 2196 1597 2270; x_wconf 89' lang='lat' dir='ltr'>aliam</span> <span class='ocrx_word' id='word_1_206' title='bbox 1629 2194 1763 2270; x_wconf 73' lang='lat' dir='ltr'>effe</span> <span class='ocrx_word' id='word_1_207' title='bbox 1794 2201 1974 2299; x_wconf 82' lang='lat' dir='ltr'>poffi:</span> <span class='ocrx_word' id='word_1_208' title='bbox 1999 2253 2022 2291; x_wconf 93' lang='lat'>,</span> <span class='ocrx_word' id='word_1_209' title='bbox 2073 2205 2274 2303; x_wconf 67' lang='lat' dir='ltr'>quam</span> <span class='ocrx_word' id='word_1_210' title='bbox 2292 2203 2502 2310; x_wconf 71' lang='lat' dir='ltr'>ip‘sum</span> <span class='ocrx_word' id='word_1_211' title='bbox 2523 2214 2750 2282; x_wconf 90' lang='lat' dir='ltr'>Deum</span> 
     </span>
     <span class='ocr_line' id='line_1_23' title="bbox 327 2303 891 2397; baseline -0.011 -28"><span class='ocrx_word' id='word_1_212' title='bbox 327 2303 891 2397; x_wconf 86' lang='lat' dir='ltr'>omnipotentem.</span> 
     </span>
    </p>

    <p class='ocr_par' dir='ltr' id='par_1_8' title="bbox 312 2391 2750 2788">
     <span class='ocr_line' id='line_1_24' title="bbox 343 2391 2749 2505; baseline 0.007 -41"><span class='ocrx_word' id='word_1_213' title='bbox 343 2473 354 2480; x_wconf 44' lang='grc'>,</span> <span class='ocrx_word' id='word_1_214' title='bbox 424 2422 454 2465; x_wconf 84' lang='lat'>1</span> <span class='ocrx_word' id='word_1_215' title='bbox 471 2422 503 2465; x_wconf 88' lang='lat'>2</span> <span class='ocrx_word' id='word_1_216' title='bbox 518 2449 535 2467; x_wconf 89' lang='lat'><strong>.</strong></span> <span class='ocrx_word' id='word_1_217' title='bbox 583 2398 679 2464; x_wconf 84' lang='lat' dir='ltr'>Ex</span> <span class='ocrx_word' id='word_1_218' title='bbox 702 2394 813 2462; x_wconf 88' lang='lat' dir='ltr'>ista</span> <span class='ocrx_word' id='word_1_219' title='bbox 842 2391 1088 2464; x_wconf 87' lang='lat' dir='ltr'>summa</span> <span class='ocrx_word' id='word_1_220' title='bbox 1135 2399 1266 2466; x_wconf 90' lang='lat' dir='ltr'>Dei</span> <span class='ocrx_word' id='word_1_221' title='bbox 1287 2393 1709 2494; x_wconf 69' lang='lat' dir='ltr'>perfeffione‘</span> <span class='ocrx_word' id='word_1_222' title='bbox 1735 2407 1810 2473; x_wconf 74' lang='grc' dir='ltr'>δε</span> <span class='ocrx_word' id='word_1_223' title='bbox 1842 2411 2142 2501; x_wconf 81' lang='lat' dir='ltr'>potentia</span> <span class='ocrx_word' id='word_1_224' title='bbox 2184 2403 2472 2505; x_wconf 84' lang='lat' dir='ltr'>sequitur</span> <span class='ocrx_word' id='word_1_225' title='bbox 2521 2412 2749 2480; x_wconf 87' lang='lat' dir='ltr'>Deum</span> 
     </span>
     <span class='ocr_line' id='line_1_25' title="bbox 315 2491 2750 2600; baseline 0.006 -34"><span class='ocrx_word' id='word_1_226' title='bbox 315 2518 460 2567; x_wconf 89' lang='lat' dir='ltr'>non</span> <span class='ocrx_word' id='word_1_227' title='bbox 484 2491 698 2563; x_wconf 70' lang='lat' dir='ltr'>modo</span> <span class='ocrx_word' id='word_1_228' title='bbox 719 2496 1023 2561; x_wconf 87' lang='lat' dir='ltr'>virtutem</span> <span class='ocrx_word' id='word_1_229' title='bbox 1045 2494 1357 2577; x_wconf 88' lang='lat' dir='ltr'>movendi</span> <span class='ocrx_word' id='word_1_230' title='bbox 1382 2495 1668 2570; x_wconf 84' lang='lat' dir='ltr'>tribuere</span> <span class='ocrx_word' id='word_1_231' title='bbox 1686 2497 1878 2571; x_wconf 82' lang='lat' dir='ltr'>rebus</span> <span class='ocrx_word' id='word_1_232' title='bbox 1901 2502 2207 2573; x_wconf 83' lang='lat' dir='ltr'>omnibus</span> <span class='ocrx_word' id='word_1_233' title='bbox 2228 2556 2251 2588; x_wconf 90' lang='lat'>,</span> <span class='ocrx_word' id='word_1_234' title='bbox 2289 2531 2750 2600; x_wconf 87' lang='lat' dir='ltr'>eamquecon-</span> 
     </span>
     <span class='ocr_line' id='line_1_26' title="bbox 312 2587 2746 2703; baseline 0.004 -36"><span class='ocrx_word' id='word_1_235' title='bbox 312 2592 562 2667; x_wconf 84' lang='lat' dir='ltr'>servate</span> <span class='ocrx_word' id='word_1_236' title='bbox 583 2599 654 2665; x_wconf 78' lang='grc' dir='ltr'>δε</span> <span class='ocrx_word' id='word_1_237' title='bbox 669 2587 991 2691; x_wconf 80' lang='lat' dir='ltr'>applicare</span> <span class='ocrx_word' id='word_1_238' title='bbox 1013 2615 1276 2672; x_wconf 65' lang='lat' dir='ltr'>,verum</span> <span class='ocrx_word' id='word_1_239' title='bbox 1293 2601 1488 2663; x_wconf 85' lang='lat' dir='ltr'>etiam</span> <span class='ocrx_word' id='word_1_240' title='bbox 1505 2595 1713 2693; x_wconf 85' lang='lat' dir='ltr'>ipsum</span> <span class='ocrx_word' id='word_1_241' title='bbox 1735 2621 1994 2666; x_wconf 86' lang='lat' dir='ltr'>motum</span> <span class='ocrx_word' id='word_1_242' title='bbox 2014 2597 2746 2703; x_wconf 64' lang='lat' dir='ltr'>tribuere,eundemqhe</span> 
     </span>
     <span class='ocr_line' id='line_1_27' title="bbox 315 2687 1263 2788; baseline -0.011 -20"><span class='ocrx_word' id='word_1_243' title='bbox 315 2692 698 2770; x_wconf 83' lang='lat' dir='ltr'>conservare</span> <span class='ocrx_word' id='word_1_244' title='bbox 714 2699 780 2763; x_wconf 86' lang='lat'>&amp;</span> <span class='ocrx_word' id='word_1_245' title='bbox 803 2687 1155 2788; x_wconf 84' lang='lat' dir='ltr'>applicare.</span> <span class='ocrx_word' id='word_1_246' title='bbox 1255 2700 1263 2706; x_wconf 84' lang='grc'><strong>’</strong></span> 
     </span>
    </p>

    <p class='ocr_par' dir='ltr' id='par_1_9' title="bbox 267 2784 2747 3100">
     <span class='ocr_line' id='line_1_28' title="bbox 267 2784 2747 2894; baseline 0.003 -27"><span class='ocrx_word' id='word_1_247' title='bbox 267 2863 280 2875; x_wconf 64' lang='lat'>„</span> <span class='ocrx_word' id='word_1_248' title='bbox 416 2819 528 2892; x_wconf 79' lang='lat'>13.</span> <span class='ocrx_word' id='word_1_249' title='bbox 572 2791 761 2865; x_wconf 71' lang='lat' dir='ltr'>Cum</span> <span class='ocrx_word' id='word_1_250' title='bbox 776 2790 954 2859; x_wconf 87' lang='lat' dir='ltr'>enirn</span> <span class='ocrx_word' id='word_1_251' title='bbox 974 2784 1157 2859; x_wconf 87' lang='lat' dir='ltr'>causa</span> <span class='ocrx_word' id='word_1_252' title='bbox 1176 2784 1461 2864; x_wconf 76' lang='lat' dir='ltr'>efficiens</span> <span class='ocrx_word' id='word_1_253' title='bbox 1483 2795 1548 2864; x_wconf 91' lang='lat' dir='ltr'>in</span> <span class='ocrx_word' id='word_1_254' title='bbox 1568 2815 2032 2894; x_wconf 84' lang='lat' dir='ltr'>procreantem</span> <span class='ocrx_word' id='word_1_255' title='bbox 2049 2804 2118 2869; x_wconf 86' lang='lat'>&amp;</span> <span class='ocrx_word' id='word_1_256' title='bbox 2135 2795 2623 2874; x_wconf 85' lang='lat' dir='ltr'>conservantem</span> <span class='ocrx_word' id='word_1_257' title='bbox 2639 2801 2747 2876; x_wconf 84' lang='lat' dir='ltr'>di-</span> 
     </span>
     <span class='ocr_line' id='line_1_29' title="bbox 312 2890 2745 2997; baseline 0.007 -37"><span class='ocrx_word' id='word_1_258' title='bbox 312 2893 541 2997; x_wconf 82' lang='lat' dir='ltr'>stingui</span> <span class='ocrx_word' id='word_1_259' title='bbox 556 2890 758 2965; x_wconf 79' lang='lat' dir='ltr'>lbleat</span> <span class='ocrx_word' id='word_1_260' title='bbox 776 2933 802 2967; x_wconf 83' lang='lat'>‚</span> <span class='ocrx_word' id='word_1_261' title='bbox 824 2893 1011 2961; x_wconf 82' lang='lat' dir='ltr'>Deus</span> <span class='ocrx_word' id='word_1_262' title='bbox 1029 2913 1309 2988; x_wconf 88' lang='lat' dir='ltr'>utroque</span> <span class='ocrx_word' id='word_1_263' title='bbox 1332 2891 1546 2966; x_wconf 85' lang='lat' dir='ltr'>modo</span> <span class='ocrx_word' id='word_1_264' title='bbox 1560 2898 1746 2966; x_wconf 88' lang='lat' dir='ltr'>causa</span> <span class='ocrx_word' id='word_1_265' title='bbox 1760 2918 1980 2968; x_wconf 85' lang='lat' dir='ltr'>motus</span> <span class='ocrx_word' id='word_1_266' title='bbox 1994 2896 2084 2969; x_wconf 81' lang='lat' dir='ltr'>est</span> <span class='ocrx_word' id='word_1_267' title='bbox 2103 2897 2502 2973; x_wconf 88' lang='lat' dir='ltr'>statuendus.</span> <span class='ocrx_word' id='word_1_268' title='bbox 2553 2904 2745 2976; x_wconf 86' lang='lat' dir='ltr'>Nam</span> 
     </span>
     <span class='ocr_line' id='line_1_30' title="bbox 360 2985 2742 3100; baseline 0.008 -43"><span class='ocrx_word' id='word_1_269' title='bbox 360 2998 525 3069; x_wconf 56' lang='lat' dir='ltr'>rima</span> <span class='ocrx_word' id='word_1_270' title='bbox 544 3048 569 3080; x_wconf 82' lang='lat'>‚</span> <span class='ocrx_word' id='word_1_271' title='bbox 623 2993 779 3066; x_wconf 65' lang='lat' dir='ltr'>eima</span> <span class='ocrx_word' id='word_1_272' title='bbox 816 2986 978 3059; x_wconf 88' lang='lat' dir='ltr'>nihil</span> <span class='ocrx_word' id='word_1_273' title='bbox 1005 2985 1158 3061; x_wconf 75' lang='lat' dir='ltr'>esset</span> <span class='ocrx_word' id='word_1_274' title='bbox 1190 3015 1408 3062; x_wconf 89' lang='lat' dir='ltr'>rerum</span> <span class='ocrx_word' id='word_1_275' title='bbox 1428 3043 1448 3074; x_wconf 89' lang='lat'>,</span> <span class='ocrx_word' id='word_1_276' title='bbox 1499 2991 1630 3095; x_wconf 82' lang='lat' dir='ltr'>ipse</span> <span class='ocrx_word' id='word_1_277' title='bbox 1658 3001 1995 3068; x_wconf 87' lang='lat' dir='ltr'>materiam</span> <span class='ocrx_word' id='word_1_278' title='bbox 2025 3022 2175 3072; x_wconf 88' lang='lat' dir='ltr'>curn</span> <span class='ocrx_word' id='word_1_279' title='bbox 2211 3008 2489 3073; x_wconf 90' lang='lat' dir='ltr'>motu&amp;</span> <span class='ocrx_word' id='word_1_280' title='bbox 2510 3008 2742 3100; x_wconf 88' lang='lat' dir='ltr'>quiete</span> 
     </span>
    </p>

    <p class='ocr_par' dir='ltr' id='par_1_10' title="bbox 307 3021 2743 3197">
     <span class='ocr_line' id='line_1_31' title="bbox 307 3021 2743 3197; baseline 0.005 -30"><span class='ocrx_word' id='word_1_281' title='bbox 307 3021 491 3167; x_wconf 49' lang='lat' dir='ltr'>fecit.</span> <span class='ocrx_word' id='word_1_282' title='bbox 533 3096 642 3168; x_wconf 85' lang='lat' dir='ltr'>Sic</span> <span class='ocrx_word' id='word_1_283' title='bbox 660 3095 835 3164; x_wconf 89' lang='lat' dir='ltr'>enim</span> <span class='ocrx_word' id='word_1_284' title='bbox 866 3088 1125 3190; x_wconf 89' lang='lat' dir='ltr'>impulit</span> <span class='ocrx_word' id='word_1_285' title='bbox 1146 3090 1490 3165; x_wconf 88' lang='lat' dir='ltr'>nonnullas</span> <span class='ocrx_word' id='word_1_286' title='bbox 1523 3101 1817 3168; x_wconf 33' lang='lat' dir='ltr'>materiae*</span> <span class='ocrx_word' id='word_1_287' title='bbox 1837 3119 2048 3197; x_wconf 82' lang='lat' dir='ltr'>partes</span> <span class='ocrx_word' id='word_1_288' title='bbox 2074 3122 2464 3197; x_wconf 87' lang='lat' dir='ltr'>motumque</span> <span class='ocrx_word' id='word_1_289' title='bbox 2490 3105 2743 3177; x_wconf 86' lang='lat' dir='ltr'>accele-</span> 
     </span>
    </p>

    <p class='ocr_par' dir='ltr' id='par_1_11' title="bbox 303 3189 2719 3287">
     <span class='ocr_line' id='line_1_32' title="bbox 303 3189 2719 3287; baseline 0.003 -19"><span class='ocrx_word' id='word_1_290' title='bbox 303 3199 472 3270; x_wconf 85' lang='lat' dir='ltr'>tavit</span> <span class='ocrx_word' id='word_1_291' title='bbox 487 3247 511 3280; x_wconf 87' lang='lat'>‚</span> <span class='ocrx_word' id='word_1_292' title='bbox 555 3192 1076 3287; x_wconf 83' lang='lat' dir='ltr'>utaliisquietem</span> <span class='ocrx_word' id='word_1_293' title='bbox 1096 3189 1283 3263; x_wconf 90' lang='lat' dir='ltr'>daret</span> <span class='ocrx_word' id='word_1_294' title='bbox 1302 3245 1320 3272; x_wconf 91' lang='lat'>,</span> <span class='ocrx_word' id='word_1_295' title='bbox 1376 3216 1485 3265; x_wconf 89' lang='lat' dir='ltr'>aut</span> <span class='ocrx_word' id='word_1_296' title='bbox 1500 3189 1721 3267; x_wconf 76' lang='lat' dir='ltr'>{altem</span> <span class='ocrx_word' id='word_1_297' title='bbox 1740 3221 1997 3269; x_wconf 88' lang='lat' dir='ltr'>motum</span> <span class='ocrx_word' id='word_1_298' title='bbox 2020 3224 2243 3271; x_wconf 86' lang='lat' dir='ltr'>earum</span> <span class='ocrx_word' id='word_1_299' title='bbox 2267 3200 2644 3278; x_wconf 87' lang='lat' dir='ltr'>retardaret.</span> <span class='ocrx_word' id='word_1_300' title='bbox 2712 3229 2719 3236; x_wconf 78' lang='grc'><strong>’</strong></span> 
     </span>
    </p>

    <p class='ocr_par' dir='ltr' id='par_1_12' title="bbox 300 3286 2741 3601">
     <span class='ocr_line' id='line_1_33' title="bbox 407 3286 2734 3395; baseline 0.008 -36"><span class='ocrx_word' id='word_1_301' title='bbox 407 3316 522 3387; x_wconf 86' lang='lat'>14·</span> <span class='ocrx_word' id='word_1_302' title='bbox 576 3298 887 3388; x_wconf 86' lang='lat' dir='ltr'>Cumque</span> <span class='ocrx_word' id='word_1_303' title='bbox 903 3286 1308 3363; x_wconf 83' lang='lat' dir='ltr'>conservatio</span> <span class='ocrx_word' id='word_1_304' title='bbox 1323 3292 1799 3393; x_wconf 75' lang='lat' dir='ltr'>nihilaliudfit‚</span> <span class='ocrx_word' id='word_1_305' title='bbox 1824 3298 2020 3395; x_wconf 68' lang='lat' dir='ltr'>quam</span> <span class='ocrx_word' id='word_1_306' title='bbox 2043 3305 2426 3374; x_wconf 87' lang='lat' dir='ltr'>continuata</span> <span class='ocrx_word' id='word_1_307' title='bbox 2454 3310 2734 3393; x_wconf 86' lang='lat' dir='ltr'>creatio,</span> 
     </span>
     <span class='ocr_line' id='line_1_34' title="bbox 302 3388 2741 3501; baseline 0.004 -33"><span class='ocrx_word' id='word_1_308' title='bbox 302 3418 428 3468; x_wconf 85' lang='lat' dir='ltr'>nec</span> <span class='ocrx_word' id='word_1_309' title='bbox 446 3398 808 3492; x_wconf 85' lang='lat' dir='ltr'>Deusopus</span> <span class='ocrx_word' id='word_1_310' title='bbox 822 3388 1004 3463; x_wconf 87' lang='lat' dir='ltr'>suum</span> <span class='ocrx_word' id='word_1_311' title='bbox 1026 3391 1224 3491; x_wconf 82' lang='lat' dir='ltr'>poffit</span> <span class='ocrx_word' id='word_1_312' title='bbox 1239 3419 1528 3493; x_wconf 88' lang='lat' dir='ltr'>unquam</span> <span class='ocrx_word' id='word_1_313' title='bbox 1560 3391 1853 3468; x_wconf 90' lang='lat' dir='ltr'>deserere</span> <span class='ocrx_word' id='word_1_314' title='bbox 1882 3449 1899 3474; x_wconf 84' lang='lat'>‚</span> <span class='ocrx_word' id='word_1_315' title='bbox 1953 3402 2041 3469; x_wconf 89' lang='lat' dir='ltr'>ita</span> <span class='ocrx_word' id='word_1_316' title='bbox 2061 3422 2132 3472; x_wconf 93' lang='lat' dir='ltr'>ut</span> <span class='ocrx_word' id='word_1_317' title='bbox 2150 3396 2357 3501; x_wconf 85' lang='lat' dir='ltr'>ipsum</span> <span class='ocrx_word' id='word_1_318' title='bbox 2394 3401 2741 3477; x_wconf 86' lang='lat' dir='ltr'>nihilomi-</span> 
     </span>
     <span class='ocr_line' id='line_1_35' title="bbox 300 3488 2739 3601; baseline 0.007 -37"><span class='ocrx_word' id='word_1_319' title='bbox 300 3522 421 3570; x_wconf 80' lang='lat' dir='ltr'>nus</span> <span class='ocrx_word' id='word_1_320' title='bbox 444 3488 566 3565; x_wconf 72' lang='lat' dir='ltr'>effi:</span> <span class='ocrx_word' id='word_1_321' title='bbox 582 3490 939 3595; x_wconf 86' lang='lat' dir='ltr'>perseveret</span> <span class='ocrx_word' id='word_1_322' title='bbox 956 3543 977 3572; x_wconf 86' lang='lat'>,</span> <span class='ocrx_word' id='word_1_323' title='bbox 1013 3492 1333 3568; x_wconf 71' lang='lat' dir='ltr'>necessum</span> <span class='ocrx_word' id='word_1_324' title='bbox 1359 3499 1638 3568; x_wconf 87' lang='lat' dir='ltr'>omnino</span> <span class='ocrx_word' id='word_1_325' title='bbox 1675 3495 1768 3566; x_wconf 88' lang='lat' dir='ltr'>est</span> <span class='ocrx_word' id='word_1_326' title='bbox 1787 3540 1812 3572; x_wconf 81' lang='lat'>‚</span> <span class='ocrx_word' id='word_1_327' title='bbox 1844 3501 2064 3571; x_wconf 89' lang='lat' dir='ltr'>Deum</span> <span class='ocrx_word' id='word_1_328' title='bbox 2083 3526 2351 3601; x_wconf 89' lang='lat' dir='ltr'>quoque</span> <span class='ocrx_word' id='word_1_329' title='bbox 2373 3500 2493 3576; x_wconf 77' lang='lat' dir='ltr'>effi:</span> <span class='ocrx_word' id='word_1_330' title='bbox 2516 3526 2739 3581; x_wconf 75' lang='lat' dir='ltr'>motus</span> 
     </span>
    </p>

    <p class='ocr_par' dir='ltr' id='par_1_13' title="bbox 299 3588 2101 3671">
     <span class='ocr_line' id='line_1_36' title="bbox 299 3588 2101 3671; baseline 0 -1"><span class='ocrx_word' id='word_1_331' title='bbox 299 3591 553 3671; x_wconf 86' lang='lat' dir='ltr'>causam</span> <span class='ocrx_word' id='word_1_332' title='bbox 576 3588 1090 3667; x_wconf 86' lang='lat' dir='ltr'>conservantem.</span> <span class='ocrx_word' id='word_1_333' title='bbox 2098 3669 2101 3670; x_wconf 10' lang='grc' dir='ltr'><em>γ</em></span> 
     </span>
    </p>

    <p class='ocr_par' dir='ltr' id='par_1_14' title="bbox 400 3689 2747 3795">
     <span class='ocr_line' id='line_1_37' title="bbox 400 3689 2747 3795; baseline 0.008 -32"><span class='ocrx_word' id='word_1_334' title='bbox 400 3719 429 3769; x_wconf 88' lang='lat'>1</span> <span class='ocrx_word' id='word_1_335' title='bbox 450 3720 513 3788; x_wconf 83' lang='lat'>5.</span> <span class='ocrx_word' id='word_1_336' title='bbox 539 3719 546 3722; x_wconf 85' lang='grc'><em>·</em></span> <span class='ocrx_word' id='word_1_337' title='bbox 566 3693 671 3764; x_wconf 77' lang='lat' dir='ltr'>Est</span> <span class='ocrx_word' id='word_1_338' title='bbox 694 3696 911 3790; x_wconf 86' lang='lat' dir='ltr'>itaque</span> <span class='ocrx_word' id='word_1_339' title='bbox 925 3689 1168 3764; x_wconf 86' lang='lat' dir='ltr'>rationi</span> <span class='ocrx_word' id='word_1_340' title='bbox 1187 3691 1379 3790; x_wconf 63' lang='lat' dir='ltr'>quam</span> <span class='ocrx_word' id='word_1_341' title='bbox 1395 3694 1679 3767; x_wconf 74' lang='lat' dir='ltr'>maxime</span> <span class='ocrx_word' id='word_1_342' title='bbox 1703 3694 2213 3771; x_wconf 71' lang='lat' dir='ltr'>consentaneum</span> <span class='ocrx_word' id='word_1_343' title='bbox 2230 3744 2250 3780; x_wconf 89' lang='lat'>‚</span> <span class='ocrx_word' id='word_1_344' title='bbox 2277 3722 2347 3774; x_wconf 93' lang='lat' dir='ltr'>ut</span> <span class='ocrx_word' id='word_1_345' title='bbox 2365 3701 2747 3795; x_wconf 82' lang='lat' dir='ltr'>statuamus,</span> 
     </span>
    </p>

    <p class='ocr_par' dir='ltr' id='par_1_15' title="bbox 296 3791 2743 3898">
     <span class='ocr_line' id='line_1_38' title="bbox 296 3791 2743 3898; baseline 0.005 -30"><span class='ocrx_word' id='word_1_346' title='bbox 296 3797 526 3870; x_wconf 90' lang='lat' dir='ltr'>Deutn</span> <span class='ocrx_word' id='word_1_347' title='bbox 545 3817 719 3866; x_wconf 88' lang='lat' dir='ltr'>nunc</span> <span class='ocrx_word' id='word_1_348' title='bbox 735 3791 1124 3865; x_wconf 88' lang='lat' dir='ltr'>tantundem</span> <span class='ocrx_word' id='word_1_349' title='bbox 1142 3815 1366 3864; x_wconf 85' lang='lat' dir='ltr'>motus</span> <span class='ocrx_word' id='word_1_350' title='bbox 1396 3801 1466 3866; x_wconf 74' lang='grc' dir='ltr'>δι</span> <span class='ocrx_word' id='word_1_351' title='bbox 1498 3800 1738 3894; x_wconf 87' lang='lat' dir='ltr'>quietis</span> <span class='ocrx_word' id='word_1_352' title='bbox 1772 3805 1837 3869; x_wconf 89' lang='lat' dir='ltr'>in</span> <span class='ocrx_word' id='word_1_353' title='bbox 1862 3821 2004 3871; x_wconf 88' lang='lat' dir='ltr'>tota</span> <span class='ocrx_word' id='word_1_354' title='bbox 2028 3797 2219 3898; x_wconf 77' lang='lat' dir='ltr'>hujus</span> <span class='ocrx_word' id='word_1_355' title='bbox 2242 3806 2513 3876; x_wconf 78' lang='lat' dir='ltr'>univerfi</span> <span class='ocrx_word' id='word_1_356' title='bbox 2537 3833 2743 3879; x_wconf 87' lang='lat' dir='ltr'>mate·</span> 
     </span>
    </p>

    <p class='ocr_par' dir='ltr' id='par_1_16' title="bbox 299 3891 2746 4007">
     <span class='ocr_line' id='line_1_39' title="bbox 299 3891 2746 4007; baseline 0.002 -37"><span class='ocrx_word' id='word_1_357' title='bbox 299 3891 785 4006; x_wconf 73' lang='lat' dir='ltr'>riaconservare</span> <span class='ocrx_word' id='word_1_358' title='bbox 806 3947 852 4005; x_wconf 56' lang='lat'>,·</span> <span class='ocrx_word' id='word_1_359' title='bbox 882 3916 1206 3997; x_wconf 83' lang='lat' dir='ltr'>quantum</span> <span class='ocrx_word' id='word_1_360' title='bbox 1236 3896 1429 3968; x_wconf 88' lang='lat' dir='ltr'>initio</span> <span class='ocrx_word' id='word_1_361' title='bbox 1452 3920 1671 3969; x_wconf 81' lang='lat' dir='ltr'>rerum</span> <span class='ocrx_word' id='word_1_362' title='bbox 1689 3923 1768 3973; x_wconf 85' lang='lat' dir='ltr'>ac</span> <span class='ocrx_word' id='word_1_363' title='bbox 1800 3907 2117 4007; x_wconf 81' lang='lat' dir='ltr'>temporis</span> <span class='ocrx_word' id='word_1_364' title='bbox 2148 3906 2221 3975; x_wconf 85' lang='lat' dir='ltr'>in</span> <span class='ocrx_word' id='word_1_365' title='bbox 2246 3926 2320 3974; x_wconf 88' lang='lat' dir='ltr'>ea</span> <span class='ocrx_word' id='word_1_366' title='bbox 2348 3901 2603 4001; x_wconf 71' lang='lat' dir='ltr'>poluit,</span> <span class='ocrx_word' id='word_1_367' title='bbox 2639 3905 2746 3976; x_wconf 89' lang='lat' dir='ltr'>id-</span> 
     </span>
    </p>

    <p class='ocr_par' dir='ltr' id='par_1_17' title="bbox 1589 4000 2733 4095">
     <span class='ocr_line' id='line_1_40' title="bbox 1589 4000 2733 4095; baseline -0.001 -26"><span class='ocrx_word' id='word_1_368' title='bbox 1589 4000 1655 4069; x_wconf 83' lang='lat' dir='ltr'>Y</span> <span class='ocrx_word' id='word_1_369' title='bbox 2602 4021 2733 4095; x_wconf 78' lang='lat' dir='ltr'>que</span> 
     </span>
    </p>
   </div>
  </div>
 </body>
</html>
