3391 4418
612 165 776 248 442
1081 132 1760 223 Connus
1838 113 2529 204 iza—Amnis

720 262 782 322 6.
839 252 1020 346 Saepc
1053 240 1322 315 affefius
1344 264 1505 312 unus
1521 237 1702 309 alteri
1725 234 2109 308 relustatur,
2150 228 2349 302 veluti
2370 229 2524 301 cum
2541 257 2755 307 metus
2771 232 3032 313 homini

618 372 907 425 mortem
937 340 1344 444 repraesentat
1364 364 1435 412 ut
1460 335 1783 409 summum
1807 331 2051 405 malum
2068 379 2091 413 ‚
2121 341 2187 403 δι
2210 326 2407 425 quod
2427 335 2652 402 evitari
2675 360 2814 407 non
2837 337 3036 436 poffit

619 447 736 524 nifi
751 444 942 547 fugiv,
973 444 1252 514 ambitio
1274 442 1427 511 vcro
1456 462 1687 511 contra
1709 429 2109 534 repraesentat
2128 424 2467 499 infamiam
2487 428 2657 504 illius
2674 430 2843 535 fugae
2861 491 2882 522 ,
2917 464 3039 511 ceu

621 547 869 623 malum
896 542 1026 647 ipsa
1057 566 1271 613 morte
1295 546 1499 640 pejus,
1557 543 1652 608 Ita
1669 555 2151 630 nonnunquam
2173 581 2197 627 2
2232 552 2303 599 ut
2324 530 2499 600 tea-i:
2523 537 2999 636 &Augustinus
3017 594 3040 628 ,

519 658 528 668 “
616 650 961 746 apertiffima
980 648 1122 716 vitia
1143 645 1294 712 vitiis
1310 644 1436 710 aliis
1452 641 1750 709 vincuntur
1767 635 2016 705 occultis.
2043 634 2108 702 Si
2127 681 2148 713 ‚
2181 652 2252 697 ut
2267 634 2472 702 Poeta
2491 636 2581 703 ait
2594 683 2617 710 ,
2645 640 2815 704 timor
2825 643 3046 730 primus

621 755 682 819 in
702 748 826 817 orbe
844 759 986 816 Deos
987 741 1165 835 fecit,
1201 735 1469 811 affectus
1501 735 1609 808 hic
1630 734 1842 835 prav'is
1874 730 2221 803 hominum
2255 729 2724 831 cupiditatibus
2743 732 2802 806 se
2824 736 3043 838 oppo-⁴

625 847 772 921 suit.

723 971 795 1034 7.
850 946 1034 1012 Haut
1062 937 1208 1010 raro
1237 934 1540 1008 voluntas
1571 937 1816 1006 astioni
1842 948 2003 1003 nexa
2027 955 2367 1029 corporeae
2397 955 2715 1030 repugnat
2737 929 3041 1022 affectui,

626 1042 829 1116 veluti
863 1040 1016 1113 ciim
1039 1045 1180 1136 quis
1195 1039 1407 1108 vultus
1424 1058 1532 1108 aut
1555 1036 1901 1105 oculorum
1922 1029 2293 1105 actionibus
2313 1038 2517 1103 utitur
2532 1032 2633 1103 vel
2654 1030 2939 1107 abutitur
2951 1036 3040 1107 ad

628 1140 1086 1244 fignificandos
1120 1134 1388 1208 affectus
1417 1137 1782 1207 contrarios
1816 1138 1889 1203 iis
1907 1185 1931 1219 ‚
1967 1128 2206 1229 quibus
2228 1156 2448 1203 revera
2468 1154 2623 1202 tunc
2640 1140 2892 1207 animus
2907 1143 3041 1236 agi-

625 1267 821 1315 tatur.
857 1248 950 1314 Ita
970 1244 1145 1313 enim
1162 1238 1238 1309 fit
1254 1242 1513 1332 quoties
1535 1232 1749 1305 homo
1773 1233 2000 1305 volens
2020 1231 2349 1302 occultare
2373 1228 2554 1302 suum
2577 1229 2882 1309 affectum
2902 1233 3040 1307 for.

628 1349 777 1416 titer
795 1338 909 1412 fibi
929 1344 1312 1438 imaginatur
1328 1342 1750 1407 contrarium.
1800 1332 2081 1405 Paffion.
2114 1357 2138 1400 1
2159 1353 2262 1424 13.
2294 1331 2459 1430 Qo
2481 1328 2723 1430 spectat
2743 1334 2903 1407 illud
2928 1340 3045 1410 Ci-

617 1445 917 1529 ¹ettonis:
950 1452 1154 1532 Frons,
1167 1439 1312 1507 oculi
1327 1489 1350 1522 ,
1371 1439 1555 1506 vultus
1565 1432 1795 1530 persepe
1805 1437 2155 1504 memismtur
2167 1480 2190 1516 ,
2209 1436 2390 1502 oratio
2409 1429 2847 1532 verbsaepiffime.
2877 1433 3046 1535 Illud

619 1548 792 1621 ,item
811 1538 1069 1641 Virgilii
1085 1539 1165 1608 de
1190 1540 1393 1607 AEnea
1410 1532 1556 1606 Lib.
1588 1562 1612 1605 1
1661 1531 1919 1606 AEnei‘d.

659 1678 664 1679 f
892 1645 1062 1713 Talia
1080 1661 1206 1710 voce
1223 1633 1398 1727 refert
1417 1687 1439 1719 ,
1475 1633 1729 1730 curisque
1745 1632 2057 1725 ingentibus
2068 1656 2205 1726 ager

888 1752 1054 1834 Spem
1074 1740 1236 1810 vultu
1249 1736 1518 1830 simulat,
1541 1736 1746 1828 premit
1756 1737 1940 1802 alium
1959 1734 2123 1803 corde
2136 1734 2398 1804 dolorem.
2574 1828 2577 1831 Δ

677 1843 694 1910 ᾲ
726 1847 796 1912 8.
847 1835 1182 1930 Ejusmodi
1215 1830 1573 1904 affectuum
1597 1830 1959 1903 occultatio
1980 1835 2175 1902 etiarn
2199 1829 2372 1903 cadit
2396 1836 2464 1901 in
2483 1827 2786 1904 homines
2808 1838 3043 1908 virtute

619 1939 951 2039 praeditos.
1018 1942 1115 2009 Ita
1143 1928 1466 2029 Josephus
1500 1939 1567 2002 in
1601 1936 1887 2028 AEgypto
1923 1936 2156 2002 iratum
2190 1940 2260 2003 &
2296 1931 2614 2027 austerum
2650 1930 2708 2002 se
2736 1927 3045 2010 fratribus

624 2032 1049 2120 ostendebat,
1088 2057 1260 2130 quos
1281 2036 1522 2100 intimo
1542 2056 1768 2101 amore
1787 2029 2379 2130 complectebatur.
2415 2028 2783 2129 Qenefiffz..

1454 2293 1460 2298 .
1524 2218 1605 2303 C
1668 2245 1725 2297 A
1788 2250 1857 2303 Ρ.
1970 2220 2040 2305 L
2059 2223 2167 2310 V.

1073 2386 1164 2451 In
1181 2373 1485 2484 corporis
1498 2374 1869 2480 animique
1885 2374 2219 2482 conflio‘ffu
2239 2374 2629 2454 villoriaem

1358 2488 1618 2597 fipius
1638 2482 1771 2593 ff
1776 2510 1997 2597 penes
2022 2511 2293 2598 corpus.

630 2653 699 2705 ι.
732 2634 893 2799 C
915 2624 1248 2698 Onflistus
1275 2633 1339 2697 in
1361 2624 1632 2698 homine
1649 2652 1725 2697 ex
1745 2654 1830 2699 eo
1847 2627 2172 2729 pendere,
2188 2626 2376 2727 quod
2396 2652 2658 2700 motum
2684 2624 2881 2699 alium
2897 2652 3044 2699 cor·

910 2751 1028 2826 pus
1046 2751 1164 2824 per
1183 2723 1328 2798 snos
1347 2724 1592 2827 spiritus
1613 2781 1636 2812 ,
1668 2726 1868 2801 alium
1890 2733 2143 2800 animus
2163 2755 2283 2828 per
2301 2724 2476 2799 suam
2501 2728 2908 2800 voluntatem
2936 2752 3041 2798 ex·

620 2832 819 2898 citare
853 2848 1132 2897 conetur
1169 2832 1234 2897 in
1264 2852 1340 2898 ea
1363 2823 1612 2897 cerebri
1631 2852 1855 2928 parte,
1893 2854 2032 2926 quae
2048 2828 2226 2903 sedes
2248 2832 2443 2900 animi
2453 2833 2781 2929 praecipua
2801 2830 2887 2898 est
2904 2881 2927 2911 ,
2960 2851 3040 2897 cx

621 2948 773 2996 ante
796 2923 989 2997 dictis
1016 2926 1288 2997 constat.
2338 2929 2341 2932 ’

723 3051 790 3118 ²:-
842 3027 1163 3106 Eventum
1205 3023 1346 3096 talis
1369 3049 1604 3124 pugnae
1626 3022 1669 3095 fi
1688 3030 1907 3097 ratione
1929 3027 2060 3100 solii
2078 3029 2383 3102 aestimare
2417 3029 2575 3101 velis
2598 3082 2619 3108 ,
2653 3024 2840 3101 facile
2865 3021 3044 3097 affit-

617 3123 870 3208 mabis,
902 3130 1192 3195 animum
1212 3177 1233 3208 ,
1273 3147 1505 3224 utpote
1528 3125 1724 3223 longe
1752 3133 2086 3227 potiorem
2117 3127 2404 3202 hominis
2430 3154 2697 3230 partem
2728 3137 2796 3200 &
2818 3131 3041 3199 astum

618 3213 970 3300 fortiorem
996 3273 1018 3304 ,
1051 3223 1392 3293 victoriam
1431 3248 1783 3321 reportare.
1840 3234 2054 3322 Virtus
2073 3232 2318 3330 quippe
2341 3236 2579 3303 mentis
2601 3234 2786 3301 omni
2806 3234 2868 3299 vi
2889 3251 3044 3300 cor-

617 3319 824 3423 porei
857 3326 1073 3416 major
1103 3319 1211 3391 est.
1270 3326 1578 3394 Mentem
1617 3330 1875 3398 vincere
1900 3380 1921 3411 ,
1952 3335 2214 3426 quoties
2247 3338 2315 3401 in
2347 3328 2640 3403 humano
2663 3330 3041 3428 compofito

613 3419 942 3497 diffidium
967 3418 1080 3495 est,
1102 3418 1420 3492 decorum
1444 3431 1513 3494 δε
1532 3433 1933 3499 conveniens
1950 3427 2072 3499 esst
2090 3428 2394 3530 exemplo
2414 3433 2814 3501 matrimonii
2880 3451 3043 3503 atet,

616 3518 732 3594 ubi
763 3519 876 3594 nifi
900 3521 1163 3593 maritus
1187 3518 1564 3594 dominetur
1583 3576 1604 3609 ,
1646 3523 1820 3598 ordo
1843 3525 2238 3601 domesticus
2261 3528 2563 3603 violatur.
2618 3525 2817 3601 'Idem
2830 3456 3044 3628 ιῖἰςικι

612 3623 916 3722 exemplo
951 3619 1427 3698 benevolentiae
1462 3618 1568 3694 seu
1601 3631 1845 3698 amoris
1865 3626 2079 3701 illius,
2120 3657 2263 3729 quo
2287 3626 2594 3704 voluntas
2615 3625 2673 3699 se
2693 3624 3051 3728 jungitob-

612 3722 793 3814 jecto
812 3720 1110 3807 amabili,
1136 3719 1323 3821 quod
1346 3728 1613 3797 minoris
1643 3727 1914 3799 aestimat
1933 3722 2263 3832 semetipsa
2290 3752 2552 3801 amante
2572 3780 2594 3815 ,
2628 3726 2712 3799 de
2733 3754 2878 3828 quo
2897 3723 3042 3811 vide

612 3815 861 3906 Carrei:
887 3818 1156 3891 Panion.
1178 3823 1239 3920 §.
1269 3829 1380 3917 83.

711 3938 789 4030 3.
841 3919 1049 4015 Atqui
1068 3925 1425 4016 experientia
1456 3949 1584 4006 nos
1613 3920 1817 4004 docet
1846 3934 2278 4008 contrarium.
2340 3932 2584 4040 Saepius
2622 3932 2804 4008 enim
2841 3923 3054 4104 {gisus

2762 4053 2861 4124 ,ΒΟ
2946 4050 3055 4128 0⁵³
