3391 4418
1062 104 2204 195 PuratcAXXI.
2691 139 2834 215 193

406 225 771 307 secundum
788 220 1031 294 lineam
1048 222 1300 291 rectam
1315 270 1339 298 ,
1376 215 1567 316 quod
1588 215 1721 290 haec
1744 217 2202 320 simpliciffima
2218 216 2292 292 fit
2308 225 2380 292 86
2396 222 2677 298 maxime
2695 229 2839 297 uni-

402 331 649 404 formis
670 383 691 415 ,
723 349 920 422 atque
947 319 1033 394 ad
1060 318 1388 422 agendum
1410 319 1511 389 vel
1529 319 2211 393 adkionsrelistendum
2234 318 2689 395 efficaciffima.
2727 329 2835 398 Sic

406 431 614 531 lappae
637 482 663 512 ,
702 422 846 497 setae
867 479 887 505 ‚
929 418 1117 522 spinae
1148 427 1213 491 &
1242 417 1467 489 fimilia
1500 415 1952 491 vehementius
1974 444 2275 521 pungunt
2289 446 2393 494 eas
2411 448 2547 507 κε,
2582 429 2649 495 in
2667 450 2830 521 quas

390 529 761 604 -secundum
779 522 978 594 lineas
992 525 1208 594 rectas
1222 518 1537 589 incidunt.
1591 522 1698 591 Sic
1722 515 2327 622 frangiturimpetus
2345 518 2610 620 sagittae,
2632 523 2824 624 globi

401 631 439 703 ὲ
462 649 796 702 tormento
811 620 1054 721 explosi
1076 673 1099 705 ,
1130 619 1366 719 glaciei
1387 624 1452 688 in
1470 643 1638 715 aqua
1651 625 1935 690 natantis
1953 671 1975 706 ,
2009 619 2119 690 ubi
2133 627 2170 695 εἰ
2187 627 2280 690 via
2300 628 2475 692 recta
2495 622 2822 696 teceisere.

476 729 481 732 ’
511 730 577 803 8.
632 724 984 821 Postquam
1021 727 1114 793 ita
1147 718 1433 818 tegulam
1473 718 1764 789 nostram
1806 724 2055 794 ratione
2079 743 2276 818 atque
2296 727 2683 820 experientia
2707 722 2823 793 de-

314 833 329 842 ’
393 826 894 903 monstravimus
916 872 937 907 ,
964 846 1096 891 -nec
1128 844 1264 888 non
1297 815 1575 888 aliorum
1602 811 2146 918 philosophorum
2176 817 2478 893 consensu
2512 820 2815 895 stabilivi-

374 955 544 1017 *mus
564 980 588 1013 ,
626 923 963 998 videamus
985 946 1070 990 aa
1084 924 1281 988 etiam
1296 921 1362 986 in
1380 917 1630 989 artibus
1649 973 1668 1000 ,
1711 942 1946 1017 utpote
1963 945 2104 1017 quae
2120 917 2328 1010 solent
2350 944 2645 992 naturam
2661 927 2812 992 imi-

384 1021 511 1103 tati
526 1072 553 1106 .
586 1019 823 1097 alicubi
857 1029 996 1114 ejus
1026 1018 1675 1117 vestigia-appareant.
1732 1021 1812 1089 Et
1835 1025 2050 1117 primo
2072 1018 2421 1116 quidemin
2445 1042 2578 1088 arte
2602 1020 2812 1093 medi-

336 1129 339 1130 ’
384 1154 466 1201 ω
488 1181 511 1212 ,
534 1122 848 1219 simplicia
864 1118 1348 1212 medicamenta
1363 1114 1742 1213 compofitis
1760 1170 1778 1196 ,
1815 1125 1884 1187 ni
1899 1114 2092 1189 fallor
2119 1171 2138 1202 ,
2170 1119 2204 1188 :l
2226 1115 2643 1213 peritioribus
2658 1128 2806 1193 artis

382 1228 539 1300 filiis
576 1231 797 1323 priora
826 1226 897 1290 δε
930 1220 1195 1314 potiora
1211 1268 1233 1297 ,
1273 1211 1534 1308 reliquis
1562 1212 1827 1314 paribus
1846 1269 1866 1295 .
1908 1213 2114 1287 solent
2153 1215 2400 1287 haberi.
2458 1217 2716 1287 Deinde
2743 1222 2819 1289 ια’

378 1351 527 1398 arte
562 1323 810 1418 Logica
831 1311 1299 1414 [impliciffimae
1314 1336 1585 1406 quaeque
1602 1318 1884 1384 rationes
1903 1319 2129 1410 ptimae
2151 1323 2217 1384 δι
2233 1320 2500 1414 optima:
2515 1312 2808 1409 judican-

391 1448 519 1495 tur.
575 1425 650 1489 ln
669 1438 803 1487 arte
818 1415 1330 1490 Hermeneutica
1346 1404 1597 1504 semper
1610 1407 1717 1478 ille
1742 1407 1899 1480 dieii
1921 1411 2185 1504 alicujus
2201 1410 2400 1482 senius
2421 1410 2760 1508 praefertut
2779 1467 2803 1500 ,

382 1525 502 1619 qui
525 1517 611 1588 est
633 1513 1006 1611 simplicior.
1054 1514 1243 1609 Qn
1261 1511 1713 1597 etiam-omnes
1731 1505 1814 1577 de
1835 1506 2319 1607 quibuscunque
2338 1513 2527 1583 rebus
2546 1518 2808 1612 opinio-

337 1613 359 1703 J
388 1645 507 1698 nes
537 1614 939 1715 simplicitate
968 1610 1029 1683 se
1046 1605 1521 1680 commendant
1539 1659 1561 1692 ‚
1595 1605 1782 1705 quod
1803 1613 1977 1678 entia
1995 1605 2122 1679 fine
2144 1610 2507 1682 neceffitate
2525 1638 2668 1684 non
2687 1611 2804 1684 sint

384 1712 911 1812 multiplicanda3
928 1737 1126 1814 quam
1150 1708 1429 1809 regulam
1444 1705 1677 1808 paffim
1698 1706 1918 1779 videas
1934 1712 2002 1779 in
2017 1706 2246 1802 analyfi
2267 1709 2456 1783 bonis
2480 1708 2804 1814 scriptori-

344 1881 349 1888 ,
388 1820 519 1893 bus
533 1816 814 1917 placete.
932 1819 937 1823 ’
1050 1840 1088 1894 ,·
1290 1887 1293 1890 .
1464 1893 1469 1906 ,
2733 1887 2738 1890 ,

377 1984 415 1996 .,
484 1947 558 2009 9.
609 1919 878 1990 Porcius
909 1914 1113 1982 Latro
1137 1906 1312 2009 apud
1333 1911 1646 1981 Senecam
1667 1913 1800 2004 aie,
1812 1909 2042 2006 fiammae
2065 1911 2163 2007 effe
2175 1911 2460 1985 dementia
2479 1913 2804 2003 detorquere

376 2021 538 2107 illam
554 2021 858 2089 orationem
874 2055 900 2089 ‚
935 2014 1025 2079 cui
1044 2009 1307 2104 redaeeffe
1321 2011 1533 2082 liceret.
1582 2008 1752 2079 uude
1770 2010 1907 2083 talis
1923 2011 2254 2084 exstruitur
2275 2035 2488 2084 canon
2515 2015 2802 2083 Herme-

314 2205 319 2213 ·
376 2124 701 2196 neuticus:
719 2136 1055 2208 nunquam
1072 2105 1468 2182 veniendum
1487 2109 1577 2182 est
1599 2106 1682 2179 ad
1706 2106 1949 2182 sensum
1968 2114 2284 2185 orationis
2307 2114 2664 2211 tropicum,
2682 2101 2797 2200 'njfi
2825 2155 2830 2160 κ

230 2271 253 2287 ,
316 2294 323 2300 ,
382 2239 582 2318 cogat
618 2215 949 2297 neceffitas
965 2261 988 2304 ‚
1020 2217 1339 2309 quoniam
1379 2203 1585 2281 sensus
1626 2216 1913 2308 tropicus
1934 2235 2160 2287 natura
2191 2212 2281 2283 est
2304 2201 2628 2313 posterior
2645 2204 2804 2314 pro-

318 2400 325 2407 ‘
379 2324 530 2414 prio
547 2359 569 2393 ‚
599 2335 673 2388 ut
705 2336 979 2386 curvum
1010 2316 1194 2382 reelo
1218 2363 1240 2395 ‚
1274 2305 1522 2380 versum
1541 2305 1858 2406 simplice.
1911 2313 2174 2411 Nempe
2192 2336 2265 2383 ut
2287 2336 2510 2384 natura
2529 2338 2668 2384 non
2683 2309 2801 2383 de-

378 2411 635 2487 Ηεᾶἰιέ
655 2435 846 2481 motu
866 2412 1049 2487 resto
1070 2453 1091 2486 ,
1123 2405 1239 2477 nisi
1252 2404 1336 2476 ab
1351 2406 1433 2475 ali
1488 2432 1567 2477 ua
1583 2403 1766 2478 causa
1783 2412 2011 2480 coaesta
2028 2440 2049 2495 ς
2065 2415 2157 2481 ita
2172 2410 2210 2482 a
2226 2417 2490 2511 propria
2507 2404 2800 2481 vocabu-

377 2513 601 2586 lorum
626 2505 670 2577 fi
715 2506 1088 2577 nificatione
1124 2530 1261 2574 non
1293 2434 1539 2597 recedit
1574 2504 1789 2577 bonus
1808 2511 2162 2602 interpres,
2199 2504 2313 2574 nifi
2339 2503 2679 2578 neceffitia
2697 2506 2798 2577 vel

376 2610 629 2697 idonea
654 2535 737 2677 (ᾗ
751 2596 955 2675 causa.
1002 2605 1084 2670 Et
1101 2598 1213 2699 ipsi
1235 2594 1561 2671 Rhetores
1575 2626 1838 2700 agentes
1854 2602 1935 2671 de
1952 2626 2149 2697 tropo
2170 2602 2414 2672 docent
2428 2647 2447 2681 ,
2467 2628 2800 2698 nunquam

385 2732 633 2784 vocem
664 2704 704 2777 ὲ
739 2700 1011 2802 propria
1031 2696 1498 2798 significatione
1518 2702 1589 2767 in
1611 2698 1888 2771 alienam
1912 2696 2031 2769 effe
2054 2706 2468 2769 immutatam
2490 2752 2511 2784 ‚
2550 2698 2665 2768 nili
2688 2725 2804 2789 ne·

382 2803 633 2889 cessitas
651 2859 673 2892 ‚
711 2800 816 2877 vel
851 2821 1118 2871 ornatus
1156 2792 1447 2868 similisve
1483 2795 1872 2869 immutandi
1909 2794 2090 2869 causa
2118 2794 2334 2869 fuerit.
2389 2793 2625 2871 Oratio
2642 2799 2803 2898 prosa

383 2908 490 2997 vel
507 2894 768 3010 prorsa,
803 2898 875 2971 id
895 2898 1025 2983 est,·
1063 2900 1238 2969 reeta
1259 2949 1284 2985 ,
1312 2902 1671 2997 opponitur
1690 2898 1852 2994 verfie
1870 2924 1894 2970 .·
1935 2901 2015 2970 Et
2031 2897 2140 2969 illa
2154 2902 2332 2998 prior
2350 2895 2472 2970 hac
2489 2953 2511 2987 ‚
2530 2902 2682 3000 quia
2703 2927 2805 2972 te·-

389 3014 574 3085 &um
589 3001 845 3076 inverib
864 3005 1065 3101 ptius.

483 3134 597 3183 ιο.
643 3103 847 3187 Nunc
867 3100 987 3179 alia
1006 3095 1322 3169 nonnulla
1339 3095 1423 3168 de
1436 3094 1839 3196 simplicitate
1860 3109 1928 3173 &
1943 3099 2332 3175 testitudine
2352 3102 2800 3176 numeremus.

382 3204 801 3299 :tralaticium
819 3203 1083 3293 axioma
1100 3195 1210 3271 est:
1226 3222 1364 3294 quo
1379 3197 1541 3296 quid
1559 3196 1932 3301 simplicius,
1954 3203 2036 3273 eo
2060 3198 2428 3300 perfectius.
2447 3207 2656 3300 Qod
2683 3228 2797 3275 ve-

303 3355 315 3364 .
382 3335 535 3381 mm
552 3305 644 3377 est
656 3302 738 3387 de
758 3307 912 3375 Deo
932 3352 954 3379 ‚
985 3302 1148 3394 Ente
1165 3292 1626 3397 fimplicissimo
1641 3345 1665 3376 ‚
1686 3296 2120 3398 omnibusque
2136 3298 2324 3373 rebus
2339 3299 2423 3371 ad
2446 3305 2673 3375 Deum
2696 3329 2799 3372 re-

383 3407 531 3484 latis
548 3451 573 3485 ,
621 3401 707 3474 ad
726 3426 925 3499 quem
944 3405 1428 3493 etiammotum
1447 3404 1512 3470 in
1533 3395 1867 3501 praesentia
1887 3400 2236 3472 retulimus.
2295 3400 2512 3499 Vulgo
2529 3425 2797 3498 quoquc

380 3499 814 3587 natutameffc
839 3500 1069 3577 dicunt
1089 3492 1625 3665 sagientiffimam.
1681 3498 1998 3586 Addunt,
2031 3497 2380 3598 sapientem
2399 3497 2555 3571 nihil
2573 3496 2801 3572 frustra

278 3676 281 3681 ,
384 3686 391 3691 ι
504 3632 573 3685 te
593 3659 613 3687 ‚
629 3627 770 3685 non
786 3605 873 3672 ite
886 3624 1005 3700 per
1022 3622 1129 3685 am
1182 3622 1354 3697 ages,
1378 3597 1494 3669 ubi
1508 3595 1649 3691 sunt
1670 3598 2067 3699 compendia
2081 3599 2330 3700 praesto.
2378 3606 2549 3697 Qae
2565 3626 2685 3693 nos
2702 3595 2798 3670 fa·-

428 3715 440 3726 '
471 3735 508 3779 e
545 3702 986 3787 admittimus»
1031 3693 1081 3767 fi
1108 3693 1196 3766 de
1227 3719 1455 3768 natura
1476 3722 1815 3771 natur-ante
1840 3750 1862 3784 ,
1900 3696 2002 3771 seu
2026 3705 2178 3772 Deo
2205 3700 2475 3797 quaestio
2496 3697 2570 3775 fit
2588 3753 2609 3784 ,
2641 3725 2816 3785 cum,

383 3806 633 3881 nussarn
668 3807 739 3889 in
776 3822 1107 3899 corporeo
1144 3820 1362 3889 terum
1397 3796 1692 3870 universo
1718 3822 2010 3871 mentem
2029 3824 2103 3870 ac
2123 3795 2494 3899 sapientiam
2511 3803 2803 3889 invenia-

376 3932 577 3991 -mus,
607 3924 847 4011 praeter
864 3924 1045 3991 eam,
1074 3908 1223 4005 <113ss
1245 3896 1335 3969 est
1356 3897 1693 3994 Creatoris
1720 3898 2300 4068 &bConletvatoris
2319 3902 2476 3990 Dei.

1068 4004 1081 4017 ²
1380 4012 1394 4023 ‘
1707 4000 1757 4070 Β
1875 4000 1887 4011 ”
2048 4023 2055 4031 ·
2311 4027 2319 4039 ·
2481 4019 2581 4067 ιι.
2609 4000 2800 4090 Opus
