3391 4418
861 145 2108 254 l-Ptxrs1cAIV2
2688 184 2794 256 97

460 289 535 361 ς.
585 264 730 362 Q
755 260 981 332 dicunt
999 258 1176 332 aliud
1207 256 1330 333 effe
1355 258 1768 336 substantiam
1787 290 2215 363 corpoream,
2250 264 2426 338 'aliud
2462 266 2792 370 (intellige

354 393 497 437 rem
520 365 623 437 vel
640 361 918 434 modurn
938 366 1080 449 rei)
1122 361 1245 433 effe
1262 360 1705 435 extentionem
1732 417 1755 450 ,
1787 363 1878 436 illi
1901 388 2019 436 aur
2036 364 2193 436 nihil
2216 367 2590 467 intelligunt
2609 395 2783 440 voce

355 464 680 561 Substantia
702 516 724 549 ,
761 484 872 534 aut
899 467 1195 562 cogitant
1239 461 1324 532 de
1358 460 1724 536 Substantia
1760 488 2083 563 corporea
2121 492 2253 539 tam
2278 468 2594 553 contuse,
2636 492 2711 538 ac
2736 465 2781 538 fi

352 566 438 637 de
473 572 862 664 incorporea
898 565 1112 635 nescio
1134 562 1295 662 quid
1319 567 1717 665 cogitarent,
1756 568 1824 636 in
1854 571 2195 639 communi
2214 567 2598 641 Substantia:
2615 594 2782 639 con·
2874 615 2881 624 ·

351 690 544 766 ceptu
563 663 981 764 perlistenteS.
1884 706 1893 709 -

445 776 510 838 6.
562 767 708 836 Nos
721 788 940 836 autem
955 768 1027 833 in
1044 761 1173 835 hoc
1195 761 1599 856 Phyficarum
1625 767 2270 866 contemplationum
2291 772 2559 842 exordio
2575 767 2783 841 essen-

348 871 451 939 tiae
475 892 810 965 corporeae
837 862 1169 936 vocabulo
1188 862 1541 963 positivum
1564 874 1636 937 &
1656 866 1826 937 reale
1849 867 2008 964 quid
2028 868 2386 969 intelligere
2410 925 2430 955 ‚
2465 873 2665 969 idque
2689 868 2772 940 ab

342 966 603 1038 ess'entia
643 963 1003 1037 substantiae
1041 966 1449 1061 incorpore-3
1472 1018 1492 1051 ,
1528 992 1670 1063 quae
1701 987 2014 1064 tanquam
2050 994 2150 1038 res
2182 968 2539 1067 intelligens
2562 979 2633 1040 ὃ(
2655 997 2772 1041 vo-

338 1066 518 1153 lens,
560 1066 839 1165 positive
867 1069 1269 1161 concipitur,
1313 1062 1606 1136 accurate
1621 1061 1978 1138 ‘discernere
2006 1065 2345 1139 debemus·

433 1195 506 1264 7.
560 1170 807 1263 Saepius
849 1166 1010 1231 item
1050 1162 1142 1231 adr
1173 1165 1460 1231 animum
1483 1167 1977 1247 revocabimus,
2014 1194 2155 1237 non
2175 1168 2295 1237 esle
2322 1192 2434 1237 cur
2453 1163 2770 1238 extenfio-

338 1271 405 1335 ni
446 1264 625 1334 aliud
670 1262 1033 1353 subjectum
1054 1312 1074 1343 ,
1105 1265 1172 1328 in
1215 1284 1351 1353 quo
1381 1263 1597 1331 existar
1617 1316 1639 1346 ,
1679 1262 1880 1336 ullum
1904 1264 2333 1364 affignemus:
2364 1272 2518 1360 quia
2552 1265 2766 1334 1.nul-

311 1364 482 1431 lum
524 1361 649 1430 tale
684 1366 907 1428 animo
947 1365 1292 1453 concipere
1321 1356 1525 1441 licet,
1561 1385 1634 1429 ut
1669 1380 1850 1453 patet
1887 1388 1960 1430 ex
1979 1387 2130 1429 ante
2155 1363 2366 1431 dictis.
2391 1367 2647 1434 2.entia
2670 1385 2763 1433 tc-

346 1459 527 1527 mere
561 1454 1053 1556 multiplicanda
1088 1480 1226 1523 non
1260 1452 1427 1524 sunt.
1460 1477 1527 1549 3.
1562 1452 1852 1525 extenfio
1889 1455 2021 1526 sola
2055 1456 2493 1530 sufficiensest
2528 1457 2764 1532 funda-

350 1581 648 1625 mentum
684 1559 769 1626 ad
800 1552 1276 1625 sustentandum
1298 1575 1553 1625 motum
1575 1604 1596 1633 ‚
1638 1551 1940 1652 figuram,
1970 1552 2158 1627 litum
2175 1567 2244 1630 &
2263 1558 2383 1629 alia
2402 1558 2767 1634 accidentia

351 1661 595 1728 omnia.
680 1734 688 1742 ,
2424 1746 2431 1757 ὁ

443 1759 517 1831 8.
573 1753 782 1830 Causa
813 1755 969 1828 vero
1000 1753 1434 1855 quamobrem
1453 1754 1583 1827 hoc
1603 1756 1778 1829 adeo
1798 1752 2143 1830 difficulter
2157 1763 2347 1833 initio
2365 1767 2617 1833 animus
2638 1759 2754 1834 libi
2782 1787 2785 1790 ⁴
2854 1812 2863 1818 -

339 1853 701 1955 persuaderi
721 1861 1036 1955 patiatur,
1074 1856 1212 1928 haec
1227 1855 1348 1928 else
1365 1857 1615 1928 videtur
1634 1912 1655 1942 ,
1673 1857 1879 1956 -quod
1902 1858 1986 1929 ab
2007 1866 2273 1932 ineunte
2295 1886 2480 1934 aetate
2499 1889 2638 1933 non
2662 1868 2760 1934 vi-

338 1958 557 2029 dimus
584 1954 906 2027 extensum
944 1956 1145 2029 ullum
1161 2000 1185 2032 2
1214 1962 1376 2053 quin
1396 1956 1703 2056 peculiari
1723 1957 1937 2056 aliqua
1955 1962 2355 2060 proprietate
2380 1963 2758 2037 distinctum

334 2066 406 2130 δε
428 2062 701 2157 proprio
739 2060 1009 2127 nomine
1029 2054 1403 2156 insignitum
1423 2053 1619 2130 foret.
1685 2060 2455 2162 Nempelongitudinem
2479 2115 2499 2148 ,
2532 2061 2754 2136 latitu-

328 2157 553 2229 dinem
584 2164 653 2229 &
675 2153 1845 2256 profunditatem·consideravimusin
1866 2160 2054 2260 igne,
2090 2167 2264 2247 a'e'te,
2304 2190 2510 2262 aqua,
2547 2186 2755 2250 terra,

327 2257 543 2330 mensa
561 2311 581 2341 ,
603 2283 748 2327 cera
765 2311 785 2341 ,
813 2282 1007 2355 atque
1027 2264 1119 2329 ita
1137 2256 1387 2358 semper
1407 2264 1475 2330 in
1494 2259 1774 2333 definito
1800 2260 2024 2359 aliquo
2048 2258 2375 2360 subjecto:
2413 2289 2754 2360 nunquam

326 2357 697 2455 simpliciter
715 2357 1036 2434 extentum
1059 2360 1318 2444 existere
1335 2356 1811 2458 conspeximus,

429 2484 503 2555 9.
557 2453 689 2527 Sed
740 2454 1215 2526 observandum
1274 2484 1334 2528 1.
1397 2456 1750 2528 humanam
1800 2483 2096 2531 naturam
2136 2487 2272 2530 non
2303 2458 2589 2531 definere
2627 2457 2751 2531 else

332 2554 495 2652 quid
534 2550 932 2623 substantiale
954 2599 978 2629 ,
1017 2554 1168 2624 licet
1198 2580 1274 2642 ea
1314 2553 1759 2650 nusqtiamnisi
1791 2563 1862 2626 in
1889 2559 2186 2634 Adamo‚
2231 2564 2361 2627 Eva
2386 2584 2749 2652 eorumque

327 2654 548 2725 liberis
562 2651 801 2722 existat.
855 2651 1160 2724 Similiter
1179 2658 1356 2746 enim
1384 2652 1669 2723 extensio
1692 2678 1828 2722 non
1847 2654 2076 2723 definit
2097 2655 2340 2748 aliquid
2369 2655 2490 2723 effe
2510 2659 2752 2728 consti-

326 2778 517 2825 tuens
555 2748 969 2822 substantiam
997 2805 1017 2835 ‚
1059 2751 1214 2820 licet
1245 2775 1321 2819 ea
1357 2750 1610 2821 mundo
1649 2759 1783 2847 jam
1823 2752 2179 2823 constituto
2216 2759 2292 2822 ac
2326 2748 2636 2851 dispofito
2678 2756 2749 2823 in

327 2878 517 2932 tetra,
539 2858 723 2934 mari,
745 2852 931 2928 caelo,
953 2860 1018 2923 ὄι
1038 2848 1348 2947 nusquam
1364 2846 1601 2947 absque
1617 2872 1794 2921 certa
1813 2852 2357 2924 determinatione
2376 2855 2751 2950 reperiatur.

432 2982 542 3028 ιο.
595 2949 767 3025 Obs.
807 2979 870 3023 2.
906 2976 1044 3023 non
1064 2948 1183 3022 effe
1209 2946 2020 3022 confundendumaccidens
2037 2953 2301 3052 proprie
2322 2951 2573 3024 diorum
2591 2980 2743 3025 cum

328 3058 596 3124 attributo
628 3077 1057 3151 quocunque.
1111 3049 1325 3122 Multa
1350 3055 1527 3121 enim
1554 3051 2000 3125 attribuuntur
2015 3052 2203 3125 rebus
2220 3079 2293 3124 ac
2319 3051 2493 3124 cleiis
2510 3053 2748 3125 dicun-

255 3173 258 3174 *
327 3177 468 3239 tur,
507 3180 649 3250 quae
687 3150 830 3252 ipsis
866 3147 1241 3230 essentialia,
1282 3176 1416 3220 non
1449 3153 1871 3224 accidentalia
1900 3152 2073 3225 sunr.‘
2118 3151 2740 3254 Interpraedicabilia

328 3279 468 3324 non
496 3252 706 3324 modo
735 3251 1093 3322 accidentia
1126 3247 1532 3322 recensentur
1552 3307 1572 3338 ‚
1602 3255 1828 3323 verum
1852 3253 2047 3323 etiam
2118 3260 2326 3352 ropria
2346 3300 2370 3330 ,
2403 3279 2642 3352 genera
2663 3280 2739 3328 ac

324 3350 723 3425 differentiae.
779 3358 879 3422 Ira
901 3355 1204 3422 nimirum
1228 3350 1536 3422 hocloco
1555 3353 1885 3422 extensum
1906 3405 1926 3432 ,
1958 3279 2349 3454 seulongum
2372 3405 2395 3438 ,
2435 3355 2640 3426 latum
2663 3362 2736 3424 δε

321 3450 732 3554 profundum
752 3452 871 3522 esl‘e
892 3498 913 3528 ‚
951 3477 1085 3521 non
1107 3451 1526 3550 praedicatur,
1551 3451 1633 3521 de
1653 3451 1817 3522 caelo
1835 3504 1855 3534 ,
1880 3475 2045 3522 terra
2064 3461 2195 3526 &c.
2244 3480 2323 3550 ut
2336 3456 2637 3524 accidens
2653 3451 2738 3550 de

321 3553 435 3628 sub
439 3558 621 3650 jecto
637 3598 655 3629 ‚
691 3577 761 3622 ut
789 3549 1092 3649 sapientia
1113 3551 1212 3619 vel
1232 3548 1411 3620 calor
1430 3550 1510 3621 de
1535 3550 1804 3620 homine
1825 3581 1844 3635 3
1880 3548 1983 3622 scd
2006 3577 2074 3623 ut
2091 3580 2293 3650 genus
2315 3553 2416 3623 vel
2439 3547 2745 3626 differen-

323 3659 414 3726 tia
450 3652 533 3723 de
572 3651 780 3752 specie
813 3650 913 3719 vel
950 3649 1296 3719 individuo
1325 3700 1346 3730 ‚
1374 3672 1444 3719 ut
1465 3647 1810 3721 'substantia
1829 3651 2190 3722 universalis
2219 3650 2301 3722 de
2323 3650 2617 3751 singulari
2641 3647 2745 3723 vel

321 3754 539 3825 minus
565 3745 934 3832 universali,
973 3775 1043 3820 ut
1060 3746 1395 3818 animalde
1411 3775 1527 3819 ave
1549 3802 1569 3833 ‚
1609 3750 1824 3820 homo
1842 3750 1924 3818 de
1948 3760 2166 3821 Petro.
2217 3755 2223 3760 ’
2400 3763 2407 3766 ἡ
2554 3749 2570 3766 ”
2692 3815 2703 3844 f

426 3879 452 3923 1
480 3841 535 3926 i.
587 3849 751 3925 Obs.
779 3877 835 3940 3.
863 3849 1059 3919 vulno
1081 3847 1112 3916 a
1137 3847 1330 3920 nobis
1349 3852 1578 3919 inverti
1599 3873 1815 3919 rerum
1833 3849 2130 3921 naturam
2148 3904 2170 3935 ,
2190 3857 2261 3923 &
2283 3854 2534 3924 testum
2557 3851 2743 3946 clogi-

322 3952 512 4028 tandi
527 3953 828 4028 ordinem
849 3912 1109 4053 negligi.
1156 3949 1482 4050 Perpetuo
1503 3946 1817 4122 tiamquIi1
1808 3952 2237 4056 cogitandum
2253 3951 2372 4031 est,
2415 3944 2745 4106 extens-‚sim

2668 4061 2750 4104 eu
