3391 4418
601 139 764 247 436
1091 117 1787 205 Conona
1859 122 2009 188 ετ
2080 94 2550 181 Aulum

601 248 686 322 fit
705 299 728 333 ,
749 245 867 344 qui
882 238 952 313 in
969 256 1146 309 certa
1160 255 1227 302 re
1274 231 1340 298 ni
1356 221 1448 298 sui
1463 236 1646 322 parte
1655 211 2058 390 ‘peculiarem
2070 233 2288 282 arcem
2308 203 2681 278 inhabitans
2784 229 2818 278 r
2830 207 3038 282 inter·

605 350 888 421 nuncios
913 338 1164 413 cuncus
1180 254 1479 426 suffijeetis
1495 343 1650 394 man
1702 341 1807 391 ata
1824 310 2142 391 distribuit
2160 318 2232 384 &
2249 333 2393 409 quae
2411 303 2498 383 ab
2510 310 2591 379 iis
2601 331 2680 379 ve
2722 311 3036 385 intereos
3093 321 3108 339 ⁵

614 467 928 549 geruntur
947 428 1284 537 cognoscit
1301 454 1326 513 3
1792 430 1797 434 ⁴

719 572 750 621 1
773 572 832 617 1.
884 548 961 614 In
982 534 1201 610 multis
1227 548 1452 601 tamen
1484 515 1941 593 diffimilitudo
1975 511 2104 595 est,
2136 519 2208 585 &
2235 507 2555 610 praecipue
2578 507 2851 607 quidem
2873 508 3041 588 dua.

616 648 826 721 busin
843 640 1034 715 rebus
1053 633 1181 706 huc
1197 619 1633 729 speetantibus
1653 649 1672 694 ε
1704 645 1732 691 1
1751 669 1771 691 .
1792 612 1979 716 quod
1996 619 2063 684 in
2078 607 2522 685 remotiffimis
2535 614 2717 708 regni
2737 613 3034 711 partibus

621 772 763 822 non
804 739 1231 838 exsequantur
1260 721 1535 826 idipsum
1572 720 1873 806 homines
1905 710 2100 814 eopse
2132 732 2529 788 momento,
2568 733 2707 807 quo
2743 735 2852 781 rex
2871 712 3039 787 illud

626 844 790 923 velle
814 843 1053 939 coepitz
1084 832 1401 931 quoniam
1429 822 1544 895 ista
1565 823 1735 921 regis
1758 817 2059 892 voluntas
2079 833 2215 884 tam
2235 812 2371 885 cito
2386 806 2689 905 subjectis
2712 819 3043 886 remotio.

626 943 809 1018 ribus
842 932 1248 1011 innotestete
1278 926 1547 1026 nequit,
1583 943 1798 1019 neque
1833 922 1904 990 in
1926 910 2075 1016 ipfis
2099 934 2278 987 tanta
2297 908 2383 985 ad
2403 905 2732 1014 agendum
2752 918 3051 1009 promti.

630 1041 797 1118 tudo
820 1040 1162 1115 invenitur.
1345 1036 1350 1041 ’
2491 1040 2497 1045 ·

736 1168 852 1216 12.
901 1136 1153 1212 Verum
1177 1127 1264 1202 ad
1298 1146 1533 1212 nutum
1565 1119 1920 1196 voluntatis
1956 1114 2254 1204 humanae
2273 1112 2572 1213 corporis
2589 1114 2913 1214 organici,
2945 1137 3052 1187 ex.

635 1270 735 1346 gr.
766 1260 1085 1312 manuum
1118 1241 1185 1306 δε
1220 1225 1469 1331 pedum
1500 1221 1876 1295 nostrorum
1895 1262 1919 1297 ,
1956 1238 2167 1318 partes
2201 1236 2473 1314 quoque
2504 1233 2849 1292 extremar,
2877 1210 3051 1287 nulla

639 1339 898 1446 prorsus
922 1360 1110 1409 mora
1128 1324 1508 1429 interpofita
1530 1376 1552 1411 ,
1591 1318 2124 1395 commoventur.

741 1467 772 1516 ι
792 1469 855 1533 3.
908 1464 973 1511 2.
995 1429 1212 1534 Qd
1246 1454 1356 1501 rex
1387 1451 1531 1525 quae
1551 1429 1622 1495 in
1648 1423 1946 1495 extremis
1966 1417 2145 1518 regni
2167 1410 2260 1486 sui
2289 1417 2418 1489 oris
2437 1414 2833 1514 contingunt
2850 1407 3055 1510 eopse

690 1567 781 1614 uo
804 1541 968 1613 fiunt
996 1552 1346 1608 momento
1363 1552 1504 1601 non
1526 1521 1983 1597 animadvertit
2006 1571 2028 1606 ,
2058 1521 2155 1588 uti
2174 1531 2357 1587 mens
2372 1512 2592 1586 nostra
2612 1534 3057 1585 extremorum

701 1645 1009 1742 'gitorum
1035 1633 1414 1708 affectiones
1429 1628 1732 1729 percipit.

751 1767 855 1838 14.
912 1741 1248 1810 Nimirum
1273 1776 1295 1807 2
1335 1734 1450 1827 qui
1484 1733 1653 1798 inter
1676 1747 1898 1823 regem
1934 1727 2005 1793 &
2035 1717 2218 1819 regni
2240 1711 2541 1787 membra
2561 1715 2931 1786 remotior-a
2960 1714 3064 1781 in·

645 1838 991 1919 terccdunt
1010 1837 1311 1909 homines
1324 1882 1349 1917 ‚
1369 1826 1523 1899 servi
1541 1821 1643 1898 vel
1664 1825 1924 1898 nuncii,
1945 1843 2163 1919 neque
2182 1841 2332 1888 cum
2349 1839 2498 1913 rege
2520 1837 2731 1911 neque
2746 1835 2906 1887 cum,
2921 1807 3063 1881 aliis

647 1947 832 2040 regni
854 1935 1165 2009 membris
1188 1954 1321 2001 tam
1340 1925 1552 2026 prope
1572 1922 1902 1995 cohaerent
1921 1972 1943 2005 ,
1973 1917 2174 2016 quim
2197 1919 2494 2017 corporis
2510 1915 2709 1988 nostri
2725 1933 2942 2012 partes
2959 1914 3068 1979 in-

649 2062 753 2111 ter
774 2033 895 2107 sese
924 2064 942 2107 2
978 2035 1153 2105 certe
1185 2030 1681 2099 continuitatem
1717 2074 1740 2106 ,
1794 2018 2060 2118 qualem
2102 2021 2282 2090 nervi
2316 2013 2510 2089 nostri
2542 2064 2566 2099 ,
2615 2010 3024 2084 celeritatem
3045 2048 3070 2087 2

651 2157 967 2238 quantam
983 2131 1231 2230 spiritus
1251 2123 1558 2197 animales
1574 2177 1597 2208 ,
1630 2146 1767 2194 non
1787 2115 2059 2193 habent.

1456 2301 1882 2418 ‘CAR
2002 2306 2151 2392 LI.

872 2462 1164 2550 vietus
1179 2448 1770 2571 animifimplices‘
1786 2456 2149 2539 interdum
2167 2473 2561 2565 repugnare
2580 2439 2855 2527 aclibus

1075 2573 1398 2660 Hbminis
1414 2572 1796 2688 compositis
1815 2628 1843 2671 ,
1868 2573 1950 2668 in
1966 2563 2216 2680 quibus
2233 2563 2638 2681 ‘conjuno‘i‘io
2694 2661 2699 2664 .

671 2756 678 2761 ι
1351 2691 1657 2804 corporis
1675 2687 2016 2785 &animi
2030 2680 2359 2788 consistit.

659 2863 724 2911 1.
748 2849 904 3004 V
921 2841 990 2906 Ix
1011 2831 1143 2904 ulla
1156 2857 1291 2906 tam
1313 2856 1597 2904 concors
1614 2836 1679 2903 in
1700 2826 1893 2902 rebus
1907 2823 2139 2896 creatis·
2148 2822 2535 2918 conjunctio
2553 2808 3074 2906 invenitur‚qm‘n

930 2935 1153 3031 aliquo
1184 2929 1512 3005 interdum
1547 2927 1816 3001 diffidio
1840 2922 2154 3000 turbetur.
2234 2916 2543 3018 Exempla
2577 2937 2835 2988 cernere
2869 2911 2961 2980 est
2989 2909 3073 2981 in

661 3036 990 3121 imicitia,
1031 3039 1100 3103 in
1134 3036 1492 3130 conjugio,
1535 3035 1604 3101 in
1618 3025 2010 3108 ,soederibus.
2060 3025 2355 3095 Fratrum
2370 3040 2648 3117 quoque
2671 3017 2942 3116 gratiam
2959 3030 3075 3079 ra-

660 3160 802 3207 ram
822 3132 944 3206 effi:
963 3132 1141 3204 recte
1160 3137 1365 3204 Poe‘ta
1386 3128 1566 3203 dixit.

763 3259 832 3304 2.
885 3236 1136 3303 Mirum
1168 3235 1363 3330 igitur
1390 3226 1584 3315 estet,
1626 3228 1673 3301 si
1706 3225 1941 3302 nullius
1973 3248 2261 3324 unquam
2291 3243 2527 3324 pugnae
2545 3213 2653 3288 vel
2673 3207 3073 3288 diffenfionis

557 3413 560 3414 ⁷
658 3335 830 3406 inter
862 3352 1100 3430 corpus
1119 3337 1191 3402 δε
1219 3336 1502 3401 animam
1521 3384 1544 3416 ‚
1575 3335 1801 3427 qu‘aein
1820 3332 2119 3401 Homine
2141 3324 2496 3417 conjuncta
2512 3313 2695 3400 sunt,
2728 3314 3075 3413 vestigium

660 3447 1029 3603 appareret:
1062 3434 1308 3532 quippe
1326 3431 1478 3505 cum
1495 3430 1782 3500 humana
1797 3425 2209 3530 imperfectio
2227 3422 2445 3496 multis
2462 3413 2766 3519 quotidie
2781 3410 3078 3515 partibus

660 3538 731 3606 in
796 3560 870 3607 ac
892 3526 1292 3605 mortalitate
1315 3526 1375 3602 se
1395 3527 1570 3602 cons
1599 3522 1900 3601 icandam
1927 3526 2237 3629 praebeat.
3073 3555 3087 3588 4,

769 3662 832 3723 3.
880 3630 1096 3733 Qd
1133 3630 1178 3703 fi
1213 3654 1433 3704 autem
1467 3558 1814 3732 diligenter
1842 3622 2274 3727 nosmetipsos
2308 3626 2789 3696 examinemus,
2849 3611 3081 3686 multi-

665 3727 908 3829 plicem
936 3736 1005 3803 in
1038 3730 1233 3805 nobis
1264 3758 1551 3834 pugnam
1587 3754 1700 3805 aut
1729 3730 1906 3803 certe
1933 3723 2388 3800 diffensxonem
2420 3748 2574 3796 non.
2591 3721 2711 3794 diu
2743 3707 3087 3818 ignorabi-

667 3854 837 3900 mus.
899 3831 1083 3904 Nam
1121 3855 1194 3903 ut
1226 3836 1538 3906 omittam
1558 3828 1815 3905 dissidia
1837 3855 1981 3930 quae
2000 3832 2069 3898 in
2094 3824 2236 3899 solo
2267 3852 2337 3898 re
2389 3830 2683 3898 eriunmr
2707 3823 2928 3891 animo
2946 3855 2972 3888 2
3001 3830 3085 3885 ut

667 3925 832 4009 nihil
853 3921 1076 4000 dicam
1091 3928 1176 4002 de
1194 3930 1369 4006 lucta
1385 3938 1595 4009 carnis
1615 3940 1686 4011 &e
1707 3927 1962 4036 spiritus
1980 3981 2005 4017 ,
2036 3952 2177 4028 quae
2191 3952 2274 4000 co
2561 3911 3087 4085 'oniaestl‘slffeo-

677 4061 686 4068 ⁴
1633 4059 1634 4062 ’
2854 4031 3091 4112 081Εῆ
