3391 4418
590 191 742 267 '154
1215 148 2336 232 ,D1srur1irro

597 282 759 352 'ant.
803 274 1014 344 'Sono
1053 252 1269 336 tamen
1291 310 1312 343 ,
1345 255 1549 329 calori
1581 263 1651 328 &
1686 248 2001 323 similibus
2028 303 2049 336 ,
2086 275 2233 348 quae
2264 270 2486 319 teveta
2522 243 2752 320 localis
2787 239 3020 320 motus

587 381 828 483 ipeeies
859 367 1000 440 sunt
1018 419 1040 451 ,
1061 371 1126 435 in
1145 358 1654 463 ptaedicamento
1675 348 2036 452 Qalitatis
2048 376 2165 452 per
2184 347 2241 419 se
2261 350 2491 422 locum
2506 346 2866 420 dederunt.
2926 348 3021 418 Ex

587 503 726 580 quo
762 468 1017 571 duplice
1059 476 1445 563 argumento
1483 451 1879 557 cognoscere
1913 453 2067 523 licet
2094 502 2116 535 ,
2149 474 2351 549 quam
2381 445 2772 551 imperfesta
2804 444 2880 519 lit
2906 446 3024 518 ista

479 559 491 570 ⁶
593 574 1098 674 categoriarum
1125 565 1448 633 doctrina.

694 704 807 771 27.
861 674 932 742 Si
969 667 1077 736 cui
1113 661 1410 735 videatur
1441 659 1523 731 ad
1546 658 1847 729 Aetionis
1866 658 1936 724 δε
1959 649 2271 725 Paffionis
2296 652 2723 746 categoriam
2739 644 3027 720 localem

597 780 881 850 Motum·
903 763 1023 838 ess'e
1056 760 1469 834 referendum
1490 805 1511 840 ,
1551 764 1604 829 is
1651 782 1714 841 1,
1738 756 2066 835 tationem
2088 751 2200 823 det
2217 802 2238 835 ,
2268 773 2381 821 eut
2401 750 2723 844 Qetem
2744 773 2882 820 non
2908 770 3031 817 eo-

599 875 757 947 dem
792 865 1069 950 tefetat‚
1104 863 1258 935 cum
1287 860 1427 933 duo
1463 859 1578 929 ista
1610 857 1940 926 contraria
1972 848 2088 922 sub
2131 848 2378 921 eodem
2415 873 2654 947 genere
2681 847 3030 920 videantur
3058 924 3067 932 ,

603 965 1121 1046 collocanda-2.
1142 958 1546 1045 confideret,
1577 949 1930 1027 incessum,
1967 947 2259 1035 cursum,
2292 948 2541 1019 fluxum
2563 999 2585 1032 ‚
2622 943 2896 1032 sonum,
2918 968 3040 1015 ca-

601 1075 818 1146 lotem
843 1060 1121 1160 aliasque
1142 1083 1364 1133 motus
1386 1055 1624 1157 species
1645 1054 1729 1126 ad
1743 1055 2099 1124 Actionem
2118 1050 2223 1124 vel
2245 1045 2613 1120 Paffionem
2634 1097 2656 1132 ,
2689 1051 2784 1118 uti
2799 1050 3040 1145 genui-

602 1200 717 1247 nas
737 1164 950 1243 classes
976 1160 1109 1236 suas
1134 1208 1156 1242 ‚
1182 1186 1319 1234 non
1338 1162 1659 1259 pertinere
1681 1208 1702 1239 ,
1725 1152 1879 1224 eum
1898 1174 2122 1222 tamen
2136 1173 2339 1251 genus
2358 1156 2423 1219 δι
2450 1142 2489 1215 s
2519 1150 2727 1217 eciem
2740 1141 3039 1244 ejusdem

605 1271 727 1347 effe
777 1270 1145 1363 Categoriae
1181 1261 1437 1333 deceat.
1487 1284 1543 1348 3.
1583 1253 1936 1354 distinguat
1968 1254 2208 1323 Motus
2234 1247 2353 1320 effe
2395 1173 2911 1346 tefpectivum&
2932 1250 3043 1314 in-

602 1372 783 1447 itiale
804 1421 826 1454 ,
860 1363 944 1436 ab
985 1360 1107 1435 effe
1146 1372 1283 1459 ejus
1310 1362 1416 1430 ma
1463 1362 1511 1428 is
1531 1351 1835 1426 absoluto
1864 1362 1936 1425 δε
1968 1354 2362 1422 continuato
2386 1399 2408 1432 ,
2444 1370 2645 1444 atque
2667 1372 2742 1417 ex
2758 1342 2895 1416 hoc
2957 1370 3041 1416 o·

606 1475 869 1545 stetiote
905 1466 1125 1566 potius
1156 1461 1354 1561 quam
1387 1461 1433 1529 il
1462 1483 1506 1528 o
1534 1461 1752 1557 priore
1788 1477 2010 1529 veram
2030 1454 2262 1523 Motus
2281 1470 2579 1519 naturam
2597 1447 2883 1547 aestiman

615 1569 738 1645 esse
762 1565 1034 1663 judicet.
2754 1549 2795 1601 ‘x

715 1669 830 1741 28.
883 1666 1206 1760 vais
1240 1665 1413 1731 enim
1446 1661 1662 1729 motio
1683 1660 1749 1725 in
1765 1655 2093 1754 principio
2108 1645 2400 1749 tespeClm
2416 1652 2701 1722 motoris
2717 1641 3046 1750 ptaesentis

612 1771 786 1841 actio
811 1819 833 1850 ,
851 1763 1142 1863 respectu
1160 1765 1456 1860 eorporis
1471 1761 1641 1827 moti
1655 1752 1860 1854 passio
1882 1749 2126 1824 censeri
2150 1749 2346 1850 posfit
2363 1802 2385 1837 ,
2409 1776 2549 1822 non
2562 1773 2784 1821 tamen
2798 1747 2867 1818 in
2882 1773 3051 1849 pro-

553 1906 557 1909 *
611 1864 817 1971 gteffu
840 1874 910 1940 δε
931 1867 1430 1935 continuatione
1449 1907 1473 1943 ‚
1492 1851 1755 1927 absente
1775 1875 2039 1925 motote
2061 1905 2084 1937 ,
2105 1856 2411 1923 motusin
2433 1847 2672 1923 mobili
2686 1876 2814 1951 pro
2833 1851 3049 1920 afflo-

597 1988 695 2041 =ne
728 1988 838 2037 aut
870 1960 1159 2063 pastione
1178 1955 1403 2030 habeti
1437 1953 1663 2027 debet.
1720 1959 1745 2044 (
1777 1950 2093 2052 Exemplo
2113 1947 2186 2021 fit
2207 1974 2429 2023 motus
2450 1952 2751 2051 pilaenon
2764 1946 3048 2048 amplius·

614 2086 888 2167 urgente
927 2056 1224 2131 reticulo.
1249 2064 1274 2137 )
1329 2058 1513 2127 Nam
1543 2052 1776 2124 eadem
1801 2057 2052 2124 ratione
2071 2055 2449 2121 continuata
2470 2056 2653 2149 quies
2673 2106 2691 2132 ‚
2730 2047 2913 2120 seffio
2937 2046 3048 2121 vel

615 2164 810 2237 statio*
822 2184 934 2233 tua
946 2162 1242 2232 actiones
1259 2163 1332 2229 δε
1350 2150 1675 2256 passiones
1693 2145 1896 2224 essent
1913 2147 2206 2232 dicenda:
2219 2203 2241 2236 ,
2275 2176 2361 2223 eo
2376 2148 2565 2249 quod
2581 2154 2813 2233 initio,
2833 2171 3050 2247 quan-

620 2266 710 2336 do
742 2259 828 2333 ab
868 2259 1094 2357 aliquo
1135 2254 1243 2331 tali
1271 2262 1338 2326 in
1361 2253 1478 2328 situ
1511 2252 1873 2328 collocatus
1891 2248 2095 2342 fuisti,
2129 2247 2449 2348 ejusmodi
2464 2244 3051 2352 tespestumhabe-

621 2386 787 2435 rent.
855 2355 1058 2433 Aliud
1091 2361 1180 2429 est
1200 2362 1533 2428 terminati
1554 2358 1887 2428 astionem
1907 2351 1994 2424 ad
2018 2373 2281 2424 motum
2297 2352 2399 2423 vel
2415 2355 2707 2451 quietem
2728 2403 2750 2436 ‚
2791 2344 3049 2423 cursum

620 2464 724 2539 vel
757 2457 1091 2535 sessionem
1109 2504 1131 2535 2
1167 2456 1341 2529 aliud
1375 2452 1583 2555 ipsum
1613 2476 1888 2540 motum
1907 2461 2038 2527 &c.
2083 2448 2203 2525 esst
2246 2455 2601 2525 afflonem.
2661 2452 2791 2523 Rei
2814 2472 3049 2522 natura

619 2563 844 2667 potius
878 2558 1298 2653 dijudicanda
1337 2582 1414 2628 ex
1444 2583 1546 2629 eox
1564 2553 1751 2655 quod
1770 2561 1838 2626 in
1853 2550 2036 2626 facto
2052 2552 2174 2626 effe
2199 2552 2399 2651 quaim
2422 2551 2610 2653 quod
2629 2556 2694 2623 in
2710 2548 2853 2621 fieti
2873 2592 2896 2628 ‚
2931 2571 3046 2621 aut

622 2664 798 2739 cette
820 2689 896 2737 ex
915 2688 1001 2733 eo
1026 2666 1247 2760 potius
1266 2655 1451 2758 quod
1475 2662 1542 2728 in
1564 2656 1708 2729 fieri
1725 2653 1969 2728 diutius
1988 2657 2378 2728 continuato
2398 2680 2475 2726 ac
2493 2653 2768 2725 durante
2787 2693 2813 2727 2
2843 2647 3049 2750 quam

622 2762 814 2864 quod
829 2769 895 2835 in
914 2761 1055 2832 fieti
1074 2759 1283 2831 solum
1300 2757 1622 2830 inchoato
1639 2781 1714 2827 ac
1732 2759 1867 2828 cito
1902 2752 2263 2827 transeunte
2285 2761 2594 2828 cernitur.

731 2887 849 2949 29.
897 2861 1139 2955 Neque
1172 2857 1304 2928 fine
1339 2855 1522 2928 causa
1558 2855 1700 2927 haec
1730 2861 1798 2927 in
1818 2852 2145 2956 ptaesentia
2161 2907 2180 2940 ,
2209 2853 2335 2930 ubi
2352 2854 2434 2928 de
2455 2853 2716 2927 effentia
2732 2862 2800 2932 δε
2820 2879 3052 2931 natura

627 2980 856 3033 motus
873 2963 1079 3057 agitur
1099 3009 1120 3040 ‚
1145 2979 1219 3026 ut
1238 2954 1484 3025 clarum
1498 2981 1573 3026 ac
1594 2955 1967 3028 distinctum
1986 2963 2125 3051 ejus
2143 2979 2542 3057 conceptum
2561 2963 2812 3030 animus
2831 2959 3053 3032 noster

626 3059 913 3136 formet,
943 3050 1344 3127 observanda
1369 3050 1490 3126 effe
1523 3079 1897 3127 monemus·
1934 3060 2352 3154 „chnque
2374 3061 2550 3127 enim
2583 3055 2667 3128 de
2707 3064 2911 3130 Motu
2927 3083 3051 3131 co-

675 3165 833 3232 'tans
849 3156 1071 3256 potius
1089 3158 1422 3226 astionem
1434 3149 1551 3224 fibi
1573 3150 1982 3253 teptaesentat
1999 3160 2326 3227 moventis
2342 3206 2363 3238 ,
2388 3154 2587 3255 quam
2601 3157 2834 3231 statum
2852 3211 2876 3245 ,
2896 3183 3054 3231 mo-

621 3186 793 3331 ffum
827 3254 928 3327 vel
966 3251 1254 3326 formam
1288 3252 1657 3353 impteffam
1687 3250 1959 3326 mobilis
1978 3305 2000 3337 ,
2032 3258 2083 3325 is
2103 3259 2420 3326 continuo
2440 3253 2752 3330 dilabitur
2767 3255 2854 3329 ad
2871 3268 3054 3357 q'uae-

628 3355 864 3432 tendas
885 3376 1187 3426 motuum
1212 3350 1425 3426 causas
1444 3407 1466 3440 ,
1497 3380 1654 3451 -quae
1672 3351 1859 3439 nullae
1878 3347 2051 3446 sunt:
2088 3353 2289 3424 veluti
2309 3350 2557 3426 formas
2570 3354 3002 3430 substantiales
3023 3401 3051 3437 2

631 3455 1086 3557 intelligentias
1121 3452 1381 3525 orbium
1406 3455 1748 3527 caelestium
1770 3453 2082 3524 motrices
2102 3496 2124 3532 ,
2160 3457 2327 3524 vires
2347 3450 2561 3528 infitas
2577 3480 2689 3531 aut
2708 3458 3054 3558 qualitates

637 3559 675 3630 εὶ
698 3580 893 3629 motu
908 3579 1126 3627 revera
1149 3553 1474 3627 distinctas
1494 3564 1565 3628 &
1585 3548 1724 3653 ipso
1741 3558 2015 3654 priores.
2066 3555 2126 3624 A
2142 3550 2384 3650 quibus
2400 3556 2912 3658 cogitationibus
2938 3582 3056 3630 na-

627 3656 936 3730 turalium
971 3680 1190 3731 tetum
1234 3651 1545 3747 studiosus
1581 3658 1875 3741 animus,
1905 3654 2394 3750 quantum-fieri
2419 3658 2681 3759 potest,
2720 3659 3056 3733 abducet»-

637 3754 761 3830 dus
776 3755 891 3829 est.

2750 4041 3058 4130 Disi-
