3391 4418
914 115 2157 250 ,(ῘΟΝΙΠΝΕἸῙΟ.
2636 158 2797 249 435

477 260 587 333 ¹4·
636 231 809 308 mud
825 255 1000 302 emm
1022 253 1377 337 prepterea
1394 229 1592 303 nobis
1609 232 2072 332 persuademus
2092 289 2115 323 ,
2135 236 2324 335 qued
2343 238 2797 342 νῡῙιιρηιωωο

366 335 679 454 dol-orem
702 387 725 419 ,
741 331 1028 406 calorem
1050 383 1072 416 ‚
1094 334 1326 432 irigus,
1350 327 1605 431 ,aliaque
1632 356 1945 433 tanquam
1962 341 2029 409 in
2057 337 2374 411 membris
2395 344 2792 450 nostr-isper-

362 461 685 540 ctpimus,
715 431 1251 536 cap.xxxv1u.
1285 456 1312 500 ι
1337 435 1733 506 ι.ΧΧΧΙΧ.
1770 434 1989 536 8.sqq.
2031 434 2290 515 Theor.
2313 446 2473 517 802.
2495 439 2642 545 sqq.

1286 618 1609 705 CAP.
1729 621 1824 706 L·

734 768 1045 881 Reliquis
1068 759 1396 846 membris
1416 771 1734 847 enimam
1750 793 1892 847 non
1908 767 2017 844 ita
2034 769 2387 884 conjungi.
2512 819 2521 831 ·

353 976 416 1028 ι.
628 937 1158 1039 Uandoquidem
1179 965 1340 1042 ergo
1362 934 1481 1012 sora·
1498 939 1774 1014 cerebro
1798 993 1820 1028 ,
1843 947 1916 1014 &
1933 941 2210 1040 quidem
2225 966 2416 1018 certe
2436 950 2574 1042 ejus
2592 942 2765 1040 parti

442 959 945 1142 Qduntaxat
966 1092 988 1126 ,
1016 1043 1528 1140 proxime-atque
1550 1041 1938 1114 immediate
1970 1067 2160 1114 mens
2179 1043 2397 1123 nostra
2429 1048 2760 1142 jungitur,

340 1143 745 1245 consequens
761 1141 877 1228 est,
899 1164 1047 1210 eam
1061 1137 1320 1238 reliquis
1337 1147 1635 1240 corporis
1651 1142 1852 1212 nostri
1871 1137 2172 1240 partibus
2193 1139 2450 1215 tantum
2469 1137 2760 1211 mediate

345 1255 420 1329 δι
435 1243 695 1318 remote
714 1240 1022 1341 conjungi
1040 1267 1058 1310 ε
1380 1291 1389 1307 .
2528 1257 2532 1259 ’

446 1370 514 1416 2.
561 1343 827 1442 Nempe
871 1337 1210 1439 spirituum
1235 1337 1618 1422 animalium
1652 1347 1724 1412 &
1747 1364 2100 1413 nervorum
2126 1335 2462 1416 beneficio
2477 1391 2502 1426 ‚
2529 1343 2649 1437 qui
2681 1362 2759 1412 ex

343 1437 619 1515 cerebro
669 1436 975 1514 curfitant
1018 1462 1215 1536 atque
1270 1433 1711 1510 extenduntur
1744 1444 1812 1509 in
1861 1442 2162 1538 corporis
2196 1463 2411 1539 partes
2451 1439 2756 1540 reliquas.

342 1545 602 1616 Theor.
633 1547 784 1618 viv.
798 1565 943 1640 cap.
966 1544 1154 1614 XX!-

439 1669 497 1741 3.
544 1649 719 1744 Qae
756 1661 979 1711 tamen
1011 1642 1183 1709 inter
1220 1633 1364 1708 illas
1398 1639 1703 1738 corporis
1734 1638 1934 1709 nostri
1970 1661 2187 1740 partes
2218 1661 2576 1711 nervorum
2611 1633 2757 1708 sunt

336 1766 630 1846 expertes
645 1784 681 1819 >
706 1743 784 1812 iis
800 1765 883 1812 ne
903 1735 1175 1838 quidem
1196 1733 1321 1807 hac
1341 1744 1595 1809 ratione
1614 1742 1831 1809 anima
1849 1744 2075 1833 juncta
2094 1741 2240 1811 erit.

431 1873 505 1936 4.
553 1845 716 1930 Haec
732 1862 954 1940 autem
971 1862 1112 1909 non
1131 1833 1547 1908 adversantur
1562 1842 1638 1909 iis
1656 1889 1679 1920 ,
1697 1863 1841 1934 quae
1859 1834 2039 1937 supra
2060 1837 2145 1909 de
2164 1834 2550 1907 immediata
2569 1859 2761 1906 men-

336 1947 416 2017 tis
434 1951 506 2017 &
525 1943 823 2043 corporis
842 1986 869 2022 ‚
900 1946 973 2011 δε
991 1935 1265 2035 quidem
1286 1943 1488 2008 totius
1504 1979 1532 2014 2
1562 1937 2034 2025 conjunctione
2051 1937 2431 2009 docuimus.

433 2066 495 2138 ς.
544 2044 797 2118 Omnia
831 2061 1114 2136 namque
1144 2035 1253 2105 illa
1281 2031 1468 2108 fimul
1518 2034 1859 2107 confistere
1903 2030 2170 2135 potsunt
2198 2028 2371 2103 hisce
2404 2030 2622 2105 modis
2636 2056 2658 2101 .·
2696 2057 2761 2102 ι.

328 2132 521 2243 'quod
550 2166 739 2215 mens
761 2134 1140 2212 immediate
1173 2142 1435 2235 corpori
1458 2135 1682 2207 nostro
1701 2134 1926 2227 juncta
1945 2135 2188 2207 dicitur
2198 2182 2233 2218 ,,
2253 2137 2342 2203 ita
2362 2155 2435 2204 ut
2454 2127 2765 2205 excluda-

329 2266 437 2315 tur
470 2266 712 2341 corpus
742 2236 918 2309 aliud
953 2233 1417 2306 intermedium
1440 2286 1462 2320 ,
1501 2235 1539 2305 εὶ
1558 2235 1784 2306 nostro
1806 2260 2086 2335 corpore
2111 2284 2136 2316 ,
2171 2240 2352 2330 cujus
2377 2254 2596 2333 partes
2615 2227 2760 2303 sunt

328 2338 586 2440 spiritus
604 2348 671 2412 &
694 2340 918 2421 nervi,
946 2329 1309 2405 diversum

425 2450 497 2511 6.
545 2431 1138 2538 Qmadmodum
1171 2435 1339 2502 inter
1363 2426 1611 2528 reliqua
1630 2432 1862 2506 mundi
1879 2458 2161 2535 corpora
2180 2485 2203 2519 ,
2243 2456 2388 2529 quae
2403 2427 2748 2512 videmus,

325 2562 474 2638 quae
493 2540 819 2636 tangimus
838 2530 1050 2604 aliove
1072 2526 1250 2602 senfit
1266 2530 1657 2630 percipimus
1673 2586 1698 2619 ,
1731 2541 1801 2605 δι
1822 2539 2106 2605 animam
2122 2533 2406 2603 nostram
2423 2551 2611 2614 ,.non
2628 2524 2758 2599 ali-

328 2659 427 2709 ter
452 2636 658 2736 quam
679 2633 1149 2705 interveniente
1170 2631 1393 2701 nostro
1416 2654 1700 2729 corpore
1717 2639 2193 2705 commercium
2210 2624 2582 2701 intercedit.

426 2762 502 2834 7.
558 2761 623 2807 ι.
640 2730 856 2833 Qd
874 2729 977 2801 illa
991 2753 1263 2827 quoque
1281 2727 1750 2831 membra,quae
1764 2737 1975 2805 nervis
1992 2730 2248 2804 tantum
2272 2721 2741 2800 intercedenti-

323 2834 451 2909 bus
481 2839 715 2908 animae
743 2839 1267 2931 conjunguntur,
1298 2826 1542 2901 eodem
1579 2836 1897 2932 temporis
1929 2852 2283 2904 momento
2304 2880 2328 2914 ,
2361 2850 2507 2923 que,
2521 2845 2740 2925 partes
2810 2885 2817 2894 .

323 2933 617 3016 cerebri,
642 2938 777 3019 pati
804 2929 890 3005 ab
912 2935 1125 3001 anima
1148 2928 1249 3001 vel
1268 2954 1455 3029 agere
1472 2934 1539 3002 in
1558 2930 1987 3030 eampoffunt
2003 2928 2230 3009 ‚ficuti
2247 2948 2536 2999 extrema
2557 2917 2735 2995 funi-

996 3026 1236 3101 [baculi
1251 3029 1452 3100 altera
1468 3053 1654 3131 parte
1674 3026 1982 3133 impulsa,
2017 3025 2211 3129 eopse
2231 3046 2583 3100 momento
2605 3044 2739 3093 tra-

996 3154 1076 3201 :ur
1100 3129 1320 3200 altera.
1669 3141 1671 3144 ’

1033 3234 1262 3300 artium
1282 3228 1480 3300 nostri
1499 3231 1797 3330 corporis
1817 3253 2000 3303 tanta
2023 3230 2114 3302 est
2132 3226 2525 3303 coherentia
2540 3278 2563 3310 ,
2583 3245 2734 3296 tan-

996 3256 1211 3427 Ecujus
1228 3335 1551 3399 momenti
1567 3324 1826 3402 functio
1843 3332 2126 3431 plurium
2144 3332 2457 3429 partium,
2480 3334 2552 3399 δε
2570 3320 2730 3419 saepe

996 3456 1087 3502 am
1123 3430 1420 3499 omnium
1440 3479 1462 3514 ,
1494 3424 1879 3501 concursum
1906 3435 2229 3531 requirat,
2261 3426 2385 3499 hac
2405 3429 2608 3497 etiam
2624 3441 2736 3489 ra-

996 3554 1146 3601 nens
1165 3527 1520 3619 conjuncta
1538 3527 1893 3626 judicatur.
2265 3574 2271 3584 ·

996 3653 1067 3699 ac
1100 3632 1319 3697 anima
1340 3625 1556 3699 nostra
1577 3627 1716 3701 vult
1741 3653 1923 3701 crura
1938 3628 2155 3702 nostra
2172 3625 2424 3696 moveri
2445 3670 2468 3704 ,
2503 3636 2730 3688 totum

1012 3730 1094 3799 Et
1110 3721 1266 3824 saepe
1284 3725 1515 3825 aliquis
1532 3728 1613 3800 M
1619 3725 1821 3801 uficus
1839 3732 1931 3799 ita
1951 3732 2126 3799 canit
2143 3776 2165 3810 ,
2181 3745 2256 3794 ut
2273 3740 2429 3794 toto
2442 3735 2731 3817 corpore

996 3850 1093 3901 nus
1114 3828 1270 3898 alias
1290 3827 1560 3926 proprie
1574 3821 1768 3900 solius
1788 3851 2039 3899 tremor
2057 3821 2329 3894 fita’e'ris.
2724 3829 2728 3918 j

313 3927 324 3937 ’
422 3958 536 4011 ιο.
664 3932 914 4023 uamvis
932 3932 1131 4034 igitur
1155 3949 1347 4002 mens
1376 3927 1597 4006 nostra
1631 3932 1705 4001 in
1736 3924 2012 4016 cerebro
2043 3918 2330 4026 refidens
2356 3914 2742 4079 ίίιιιίῑὶεῐίςςὶΔ

1657 4042 1666 4049 ’
1708 4029 1815 4101 lii
1870 4056 1905 4129 3
2648 4029 2758 4092 ¹¹»
