3391 4418
1117 125 1876 220 ansxci
1985 134 2096 223 X.
2659 174 2814 261 ¹27

389 267 539 342 cata
566 236 862 314 infantiae
899 242 1217 339 opinione
1251 262 1463 315 ortam
1504 248 1855 318 notionem
1891 254 2118 323 animo
2152 250 2359 329 rui-ihs
2389 253 2815 349 inclinantes,

427 343 608 432 luresl
637 368 771 415 uno
807 338 1106 412 Mundos
1140 339 1279 413 dari
1309 344 1487 442 posse
1515 355 2049 445 pronunciatum.
2106 357 2289 427 Haut
2308 354 2486 429 secus
2506 382 2699 458 atque
2720 364 2817 451 A-
2848 433 2854 439 .

375 372 751 516 Kronomus
784 439 1015 538 aliquis
1048 439 1206 514 licet
1229 465 1417 513 antea
1446 442 1989 521 demonstraverit
2000 450 2207 527 stellas
2232 453 2355 529 effe
2379 458 2577 555 quarn
2600 465 2808 531 maxi-

372 568 547 714 Ἐς,
587 544 804 716 Ροίέςει
848 560 1073 613 tamen
1103 541 1267 614 *duni
1292 566 1400 617 eas
1415 548 2458 657 intueturvixaliterimaginatur‚
2492 561 2694 657 quam
2712 560 2799 631 ab

366 667 389 714 ι
468 664 691 715 antiaa
745 664 978 716 uerum

1284 859 1367 940 D
1429 892 1458 945 1
1518 886 1680 953 εγ.
1758 818 1908 945 Χ.

522 1052 848 1139 mundi
868 1050 1108 1130 unitas
1112 1045 1457 1160 probatur
1473 1077 1889 1163 argumento
1914 1052 2188 1167 Physico
2205 1110 2229 1154 ‚
2266 1060 2322 1141 ὴ
2338 1083 2457 1145 not
2462 1069 2617 1149 ime

1139 1173 1440 1275 corporis
1461 1166 1739 1272 extensi
1734 1170 1988 1280 petito,
2590 1214 2596 1221 ,

366 1350 628 1507 BH
651 1339 952 1410 Astenus
978 1332 1055 1404 de
1091 1360 1485 1437 argumento
1524 1336 1869 1411 Platonico
1891 1398 1909 1424 ‚
1953 1343 2137 1438 quod
2172 1345 2641 1446 impoffibilem
2656 1352 2779 1428 effi:

423 1440 426 1441 ⁷
655 1433 1074 1510 Mundo'rum
1096 1434 1590 1507 multitudinem
1610 1442 1882 1523 evincit,
1908 1437 2034 1512 five
2053 1446 2294 1517 Mundi
2313 1474 2547 1527 vocem
2562 1457 2631 1524 in
2645 1459 2784 1554 pri-

363 1563 474 1607 ma
495 1587 517 1621 ,
545 1534 671 1607 five
712 1539 782 1603 in
815 1531 1092 1605 secunda
1121 1532 1594 1634 fignificatione
1626 1541 1865 1636 capiaS.
1917 1541 2114 1614 Nunc
2133 1542 2414 1644 {equitur
2428 1574 2780 1652 argumen-

364 1644 505 1708 t'um
545 1630 1007 1706 Cattefianum
1046 1634 1088 1707 a·
1115 1656 1344 1706 natura
1381 1642 1450 1706 &
1486 1638 1765 1707 notione
1804 1642 2128 1741 Corporis
2146 1643 2510 1722 desumturn
2531 1703 2557 1739 ‚
2587 1653 2777 1751 quod

411 1734 606 1807 robat
648 1738 970 1822 unitatem
1015 1732 1264 1808 Mundi
1298 1739 1364 1803 in
1400 1729 1676 1806 secunda
1715 1739 1967 1813 tantum
1993 1740 2459 1844 significatione
2500 1778 2651 1825 acce
2702 1760 2774 1827 ti.

436 1861 543 1907 am
562 1861 596 1905 a
649 1832 738 1906 ud
767 1829 1073 1930 Phyficos
1088 1878 1122 1911 2
1156 1837 1400 1935 quippe
1419 1838 1530 1933 qui
1546 1838 1719 1908 circa
1736 1862 1837 1909 res
1859 1864 2212 1941 corporeas
2232 1869 2304 1917 ut
2325 1781 2771 1948 Philosopgiae

355 1862 664 2013 namrags
680 1932 1021 2032 objestum
1038 1931 1361 2005 versantur
1377 1980 1403 2012 ‚
1449 1933 1588 2007 talis
1601 1943 1901 2037 acceptio
1922 1939 2115 2034 hujus
2134 1950 2314 2018 vocis
2331 1950 2608 2024 maxime
2623 1958 2770 2024 trita

352 2038 465 2108 est.
519 2041 615 2108 Ita
635 2033 787 2106 cum
802 2036 872 2103 in
891 2030 1273 2106 definitione
1293 2035 1574 2113 Mundi,
1612 2037 2236 2135 univerfimcorporum
2261 2097 2282 2130 ,
2319 2044 2458 2120 duo
2478 2049 2774 2122 habean-

346 2158 455 2208 tur
475 2180 499 2214 ‚
523 2161 551 2207 1
566 2184 584 2204 .
601 2131 971 2207 universitas
991 2184 1011 2218 ,
1036 2159 1096 2205 2.
1114 2160 1352 2236 corpus
1364 2166 1386 2222 3
1408 2143 1474 2207 &
1503 2161 1578 2208 ex
1593 2142 1799 2238 priori
1818 2145 2106 2214 termino
2125 2146 2509 2243 generaliori
2525 2158 2592 2226 ἃ
2614 2155 2770 2226 Me-

346 2233 684 2337 mphyfico
705 2233 983 2307 duflum
998 2258 1449 2336 argumentum
1469 2232 1608 2309 satis
1625 2289 1645 2323 ,
1669 2243 1946 2337 opinor,
1967 2243 2379 2343 explanatum
2399 2246 2510 2323 fit:
2541 2251 2765 2352 super-

330 2338 438 2408 est
455 2357 527 2407 ut
551 2361 626 2407 ex
640 2335 848 2408 altero
870 2339 1153 2408 termino
1168 2331 1614 2435 specialiori&
1635 2334 1905 2431 Phyfico
1923 2346 2199 2441 petitam
2224 2353 2550 2422 rationem
2565 2362 2763 2426 accu-

345 2434 541 2508 ratius
560 2434 1017 2536 expendamus,

448 2559 514 2604 2‘.
563 2539 629 2608 Si
659 2533 875 2635 plures
911 2527 1407 2605 Mundi-dantur
1422 2580 1442 2615 ,
1477 2533 1570 2608 illi
1585 2535 1691 2608 vel
1712 2535 2035 2612 distabunt
2055 2541 2092 2612 εἰ
2117 2540 2175 2613 se
2194 2551 2479 2618 invicem
2493 2544 2601 2618 vel
2617 2572 2755 2619 non

339 2630 677 2707 distabunt
692 2687 716 2720 ,
746 2630 847 2705 sed
871 2653 1060 2703 erunt
1073 2638 1391 2732 contigui.
1428 2638 1517 2704 At
1534 2656 1838 2707 neutrum
1858 2636 1985 2709 dici
2003 2643 2243 2736 potest.
2281 2647 2457 2743 Ergo
2479 2643 2762 2743 necplu-

337 2739 459 2810 reis
474 2733 702 2807 mundi
711 2731 971 2836 possunt
989 2732 1148 2804 dari.
1783 2819 1786 2822 v
1846 2786 1850 2790 .

441 2861 503 2927 3.
552 2837 736 2908 Nam
772 2832 819 2906 fi
847 2832 1061 2934 plures
1088 2830 1180 2900 illi
1209 2826 1444 2902 mundi
1481 2829 1538 2902 se
1574 2835 1966 2933 contingunt
2003 2843 2074 2908 &
2102 2861 2240 2909 non
2276 2838 2510 2913 distant
2528 2897 2544 2924 ,
2576 2842 2764 2915 certe*

333 2961 541 3007 unum
559 2935 811 3009 tanturn
830 2988 851 3021 ,
892 2959 1029 3004 non
1049 2930 1258 3029 plures
1279 2952 1717 3032 componunt.
1772 2930 1911 3004 Nisi
1934 2941 2107 3009 enim
2137 2947 2316 3013 conti
2409 2948 2527 3015 itas
2544 2946 2759 3015 unita·-

337 3058 471 3106 tem
492 3031 700 3107 facere
716 3034 1113 3132 judicaretur
1130 3082 1151 3113 ,
1170 3047 1338 3097 terra
1353 3054 1501 3102 curn
1520 3058 1689 3131 aqua
1703 3087 1724 3118 ,
1749 3061 1916 3133 aqua
1929 3061 2080 3108 curn
2097 3050 2243 3112 ae‘re
2263 3086 2285 3122 ‚
2310 2967 2405 3114 εἰ
2420 3070 2573 3115 cum
2588 3042 2754 3116 caelo

334 3134 668 3206 Mundum
692 3159 898 3207 unum
934 3128 1326 3202 constituere
1351 3154 1487 3201 non
1517 3132 1752 3232 poss'et.
1802 3131 2271 3237 Quamobrem
2293 3140 2512 3243 &ipsa
2536 3144 2754 3215 nostra

331 3233 416 3305 de
460 3232 750 3335 pluribus
773 3230 1048 3306 Mundis
1071 3227 1509 3300 controversia
1532 3259 1670 3305 non
1704 3237 2061 3335 interrogat
2084 3235 2201 3310 nifi
2232 3237 2315 3312 de
2349 3240 2758 3316 Mundisdis-

329 3342 557 3410 cretis,
589 3335 622 3408 a
655 3332 714 3407 se
752 3332 984 3406 mutuo
1023 3327 1358 3428 separatis,
1390 3328 1723 3430 disjunstis
1754 3361 1828 3406 ac
1864 3342 2182 3427 remotis,
2216 3365 2459 3443 nempe
2478 3369 2562 3416 an
2586 3343 2759 3416 tales¹

321 3432 571 3538 poffint
587 3431 710 3506 effi:
728 3432 968 3534 plures.
2132 3491 2136 3496 -

414 3563 486 3628 4.
538 3539 604 3609 Si
626 3558 788 3634 ergo
802 3533 1031 3604 distant
1048 3531 1261 3632 plures
1275 3528 1369 3601 illi
1388 3529 1630 3602 Mundi
1646 3530 1680 3602 :i
1697 3525 1755 3602 se
1771 3533 2053 3607 invicem
2069 3589 2090 3621 ‚
2117 3537 2440 3611 neceffum
2454 3538 2633 3609 estut
2646 3544 2757 3613 in.

321 3656 554 3707 tereos
577 3632 817 3732 aliquid
841 3637 1239 3728 interjaceat.
1291 3631 1471 3701 Nam
1491 3629 1534 3701 fi
1553 3629 1713 3701 nihil
1739 3637 2020 3706 omnino
2045 3641 2382 3734 interjacet
2404 3684 2426 3720 ‚
2467 3636 2630 3710 nihil
2647 3645 2752 3713 in-

314 3732 704 3836 terpofitum
729 3732 854 3814 est,
884 3758 1021 3830 quo
1047 3731 1414 3829 separantur
1451 3757 1524 3802 ac
1564 3730 1943 3805 dividuntur
1963 3731 2347 3809 &lemuruo
2374 3791 2396 3824 ,
2436 3734 2761 3838 ριτοίὶάό

312 3829 592 3936 intelligi
610 3838 839 3932 nequit
855 3832 982 3904 ulla
1002 3831 1322 3905 distantia.
1359 3833 1606 3928 Ecquid
1629 3834 1806 3899 enirn
1830 3837 2047 3905 notius
2070 3836 2159 3907 est
2180 3836 2453 3908 naturali
2465 3838 2745 3926 lumine,

309 3935 512 4036 quam
554 3960 638 4007 ea
650 3959 791 4008 non
812 3932 1210 4031 distarequae
1233 3935 1404 4004 inter
1419 3927 1586 4004 nihil
1603 3932 1946 4027 interjacet
1970 3933 2007 4005 Ρ
2034 3939 2261 4036 Qare
2278 3934 2325 4010 fi
2350 3935 2584 4013 distant
2598 3939 2761 4039 pln..

2640 4059 2759 4107 nes-
