3391 4418
1030 142 1097 231 Ρ
1177 169 1246 226 H
1325 170 1381 227 Y
1457 172 1498 230 sw
1568 154 1863 233 1‘c‘a
1977 146 2147 239 IX.
2649 181 2796 257 125

469 268 579 341 1³8.
632 259 957 337 obducat
986 253 1299 357 quispiam
1339 283 1397 328 2.
1433 256 1480 328 si
1510 263 1693 332 Deus
1715 266 2137 360 omnipotens
2153 261 2469 335 mundum
2485 259 2657 335 hunc
2678 291 2800 337 au-

364 394 513 470 gere
553 364 773 466 potest
792 406 817 439 ‚
855 356 902 429 fi
942 383 1220 469 corpora
1251 382 1394 453 quae
1419 355 1578 432 fecit
1611 360 2039 461 multiplicare
2074 362 2710 443 valetininfinitum‚
2743 362 2790 435 si

362 467 541 538 mille
589 488 782 537 terras
798 513 819 546 ,
856 459 1033 531 mille
1050 456 1209 530 loles
1225 456 1509 529 condere
1531 504 1555 536 ‚
1588 467 1836 559 poterit
1850 467 2074 561 utique
2091 462 2308 564 plures
2330 462 2619 534 mundos
2643 461 2786 534 effi-

362 592 531 638 cere.
584 571 676 635 At
696 585 917 634 verum
934 564 1135 659 prius.
1185 560 1355 655 Ergo
1373 567 1439 631 δι
1455 559 1795 658 poster-im.
1846 564 2079 635 Minor
2094 561 2418 663 probatur
2435 616 2457 649 ,
2491 567 2644 660 quia
2666 588 2782 633 an-

361 693 468 740 tea
483 661 850 738 conceffum
874 658 967 732 th.
995 687 1036 747 9
1063 711 1085 746 ,
1118 661 1350 728 Deum
1371 658 1589 756 plures
1611 682 1813 732 terras
1874 661 2004 734 offe
2026 662 2338 736 condere.

461 794 487 838 1
503 791 572 856 9.
622 758 816 861 Resp.
855 764 963 831 De
1005 763 1263 828 minore
1304 781 1441 829 non
1483 759 1573 830 est
1604 688 1868 833 neceni?
1897 786 1969 834 ut
2004 768 2074 833 in
2107 759 2436 862 praesentia
2448 758 2775 836 laborem.

352 864 495 938 satis
518 864 607 932 est
630 870 951 956 majorem
964 856 1086 930 effi:
1105 853 1367 940 falsam,
1401 863 1885 932 connexionem
1905 868 2050 959 ejus
2061 861 2181 934 esse
2201 862 2551 933 infirmam.
2636 861 2778 933 Ne·-

349 989 575 1071 gamus
591 966 773 1049 enirn
791 956 839 1029 si
860 957 961 1030 vel
979 957 1155 1047 mille
1177 980 1369 1027 terras
1388 1008 1410 1041 ,
1444 959 1625 1031 mille
1643 954 1807 1033 soles
1827 966 2009 1032 Deus
2032 985 2281 1034 crearet
2300 965 2727 1059 omnipotens
2743 1002 2770 1037 ,

342 1060 740 1169 'pluresideo
757 1055 1050 1129 mundos
1068 1054 1173 1127 vel
1194 1079 1406 1124 rerum
1428 1058 1869 1133 universitates
1891 1055 2063 1132 fore.
2101 1064 2464 1162 Negamus,
2480 1064 2773 1155 inquam,

344 1169 563 1270 plures
578 1158 853 1232 simul&
876 1152 1070 1225 semel
1091 1154 1348 1225 existere
1365 1153 1565 1249 poffc.
1618 1163 1781 1231 Haec
1798 1165 1973 1232 enim
1986 1163 2259 1259 quaestio
2276 1161 2390 1232 est,
2422 1160 2604 1230 Nam
2620 1182 2772 1228 cum

297 1270 302 1273 ’
345 1269 647 1361 Origene
671 1313 695 1343 ,
714 1277 865 1327 ante
880 1255 1056 1323 hunc
1075 1246 1407 1322 Mundum
1431 1251 1591 1324 alios
1608 1252 1783 1327 fuisse
1809 1313 1826 1338 ‚
1847 1269 1911 1330 δι
1933 1263 2077 1357 post
2097 1261 2270 1333 hunc
2290 1259 2566 1331 alterum
2585 1254 2727 1328 fore
2745 1309 2769 1339 ,

348 1374 421 1436 ὃς
451 1369 513 1429 ei
548 1356 800 1455 semper
812 1348 1667 1445 succeffiirumaliumatque
1686 1352 1881 1424 alium
1898 1407 1919 1437 ,
1954 1383 2088 1427 rem
2109 1360 2299 1431 nobis
2315 1355 2622 1430 hocloco
2644 1353 2768 1426 effi:

351 1457 693 1531 nolumus,
741 1459 971 1547 Qre
1003 1443 1401 1518 affirmamus
1420 1491 1441 1526 ‚
1479 1446 1697 1544 plures
1726 1447 1865 1519 illas
1899 1474 2093 1522 terras
2112 1509 2134 1538 ‚
2176 1460 2385 1555 plures
2412 1453 2575 1528 soles
2592 1507 2611 1540 ,
2644 1453 2771 1526 fint

353 1575 788 1655 quotcunque
810 1558 878 1621 δε
902 1541 1437 1648 quantoscunque
1454 1544 1577 1617 effi:
1599 1544 1777 1631 velis,
1798 1554 2058 1620 unicam
2080 1577 2285 1626 rerum
2302 1579 2768 1654 corporearum

352 1650 843 1728 universitatem
863 1647 1190 1719 conficere
1211 1697 1232 1727 ,
1273 1643 1355 1714 ab
1375 1650 1572 1716 unico
1587 1649 1893 1719 Domino
1914 1646 2159 1721 factam
2177 1662 2236 1725 δι
2255 1652 2707 1753 gubernatam.

461 1779 581 1824 20.
614 1753 861 1825 Veritas
879 1742 1138 1845 hujusce
1153 1742 1502 1817 assertionis
1522 1771 1596 1816 ex
1611 1752 1747 1843 jam
1769 1745 1957 1822 dietis
1969 1777 2089 1851 per
2108 1746 2165 1821 se
2188 1757 2386 1823 cuivis
2406 1750 2773 1827 innotescit.

343 1851 463 1927 Ad
507 1858 689 1946 cujus
724 1843 1342 1920 tamen·uberiorem
1376 1844 1875 1945 explicationem
1896 1855 2110 1922 notari
2126 1849 2323 1922 velim
2341 1849 2527 1949 quod
2552 1852 2767 1927 modo

319 1984 322 1985 ⁷
345 1953 664 2029 diximus,
707 1945 1035 2023 Mundum
1056 1941 1176 2015 effe
1190 1970 1304 2015 ens
1323 1943 1743 2019 collectivum
1773 2003 1797 2034 ,
1836 1972 2054 2023 totum
2073 1972 2498 2054 aggregatum
2518 2005 2543 2038 ‚
2626 1953 2768 2025 uale

309 2065 317 2096 '-
342 2054 793 2133 estexercitus,
827 2043 1181 2147 respublica
1206 2099 1226 2129 ,
1263 2043 1549 2117 ecclesia.
1603 2051 1730 2121 His
1748 2054 1923 2123 enim
1941 2054 2250 2153 exemplis
2264 2076 2532 2125 utuntur
2545 1980 2768 2155 pinio-

313 2148 547 2253 'sophi
579 2144 786 2246 Jamsi
808 2153 1055 2247 cogites
1071 2191 1096 2225 ‚
1118 2143 1200 2217 ad
1218 2145 1691 2247 rempublicam
1715 2176 1812 2224 ex.
1829 2178 1924 2251 gr.
1941 2151 2264 2254 Belgicam
2286 2152 2602 2227 accedere
2670 2156 2770 2226 lu-

343 2279 443 2326 res
480 2253 689 2336 cives,
723 2248 946 2348 plures
969 2246 1160 2320 urbes
1182 2292 1205 2323 ,
1242 2255 1541 2347 regiones
1567 2301 1589 2333 ,
1610 2256 1983 2347 provincias
2006 2307 2027 2338 ,
2068 2255 2308 2355 Belgici
2329 2259 2583 2353 imperii
2602 2180 2767 2324 ἕως

319 2349 430 2427 ἀ(
465 2376 542 2436 ue
563 2358 631 2423 &
649 2349 731 2421 us
763 2374 842 2423 ue
860 2347 1108 2419 dilatari
1128 2373 1203 2417 ac
1225 2346 1532 2443 protendi
1555 2400 1574 2428 ‚
1611 2373 1754 2419 non
1769 2374 1988 2421 tamen
2009 2352 2166 2423 ideo
2180 2353 2508 2450 judicabis
2537 2396 2559 2431 ,
2596 2346 2768 2423 mul·-

344 2460 437 2553 tip
471 2455 612 2523 'cari
645 2474 711 2519 re
739 2446 1034 2548 publicas
1072 2446 1395 2545 Belgicas;
1433 2440 1542 2516 sed
1565 2471 1760 2534 una-m
1776 2449 2196 2546 eandemque
2213 2475 2548 2522 remanete
2563 2450 2771 2519 existi-

319 2552 550 2628 ‘mabis
566 2604 587 2637 ,
607 2553 929 2648 quoniam
947 2548 1180 2614 retinet
1199 2541 1482 2640 ejusdem
1507 2549 1670 2646 rcip⁶
1686 2544 1973 2618 formam
1991 2557 2061 2618 &
2082 2548 2278 2645 leges,
2300 2546 2536 2618 eadem
2552 2548 2766 2616 τεᾶο-

341 2677 485 2727 rum
522 2654 784 2752 capita,
820 2643 1106 2716 eundem
1142 2645 1467 2740 regiminis
1488 2665 1684 2735 atque
1704 2642 2608 2714 administrationismoduma
2660 2647 2765 2711 Ita

313 2748 907 2855 ‘fipoffis‘cogitare
925 2793 945 2829 ‚
993 2739 1076 2813 de
1100 2766 1237 2838 quo
1257 2748 1391 2833 jam
1411 2763 1547 2812 non
1566 2765 1695 2840 ago
1712 2793 1732 2827 ,
1772 2739 2000 2813 n'rundi
2023 2746 2337 2814 terminos
2359 2737 2553 2838 usque
2577 2748 2647 2814 δι’
2663 2735 2767 2811 us·-

321 2855 470 2958 ³que
499 2844 812 2952 protendi
827 2898 849 2932 ,
880 2867 1164 2943 corpora
1202 2845 1347 2938 quae
1380 2839 1674 2912 videmus
1692 2849 1762 2914 &
1785 2838 2235 2942 cognoscimus
2259 2840 2458 2941 usque
2480 2849 2548 2914 δε
2565 2836 2763 2940 usque

321 2950 758 3053 ‘multiplicari
780 3001 802 3034 ,
832 2969 972 3016 nou
998 2967 1220 3015 tamen
1249 2967 1325 3011 ea
1343 2958 1616 3042 propter
1630 2940 1915 3039 judicare
1933 2950 2177 3040 poteris
2194 2991 2215 3026 ,
2247 2945 2462 3045 pl'utes
2485 2945 2641 3015 oriri
2660 2969 2762 3015 re-

329 3075 494 3131 rum·
515 3071 874 3123 creatarum
907 3040 1343 3115 universitates
1363 3071 1400 3128 ,⁹
1434 3040 1542 3113 sed
1574 3044 1795 3143 potius
1831 3069 2114 3144 corpora
2148 3044 2255 3116 illa
2289 3048 2514 3117 omnia
2551 3069 2760 3117 unum

337 3153 651 3248 idemque
692 3144 1018 3221 conficere
1059 3139 1418 3214 universum
1437 3199 1452 3223 ,
1490 3150 1642 3242 quia
1682 3150 1967 3216 retinent
1991 3144 2166 3216 idem
2198 3171 2270 3217 ca
2320 3166 2392 3216 ut
2412 3197 2433 3228 ,
2475 3143 2760 3217 eundem

388 3248 885 3331 ubernatorem,
915 3243 1194 3315 eandem
1209 3239 1493 3313 formam
1518 3297 1539 3330 ,
1569 3270 1711 3340 quae
1723 3240 1974 3329 forma,
1992 3268 2064 3315 ut
2078 3242 2236 3345 saepe
2259 3172 2507 3317 §iatum
2528 3297 2550 3330 ‚
2568 3251 2631 3316 in
2650 3271 2761 3317 or·-

335 3281 566 3427 §inata
585 3353 962 3423 canarum
980 3369 1198 3415 rernm
1211 3341 1247 3415 ai
1270 3347 1422 3415 D'eo
1437 3345 1868 3444 pendentium
1890 3342 2286 3418 collectione
2310 3354 2378 3417 δᾶ
2396 3369 2760 3446 congrega-

333 3461 524 3530 tione
547 3446 936 3523 omnimoda
952 3443 1254 3517 confistin

439 3581 472 3627 2
495 3579 556 3624 τ.
609 3547 1110 3622 Coun-adicitur
1151 3573 1210 3635 3,
1235 3543 1566 3617 Mundum
1584 3545 1704 3619 effe
1725 3545 2200 3618 universitatem
2221 3566 2437 3613 rerum
2461 3565 2574 3613 aut
2587 3567 2766 3612 crea-

336 3679 552 3728 tarum
570 3675 682 3722 aut
700 3646 1124 3718 creandarum
1145 3694 1165 3725 ,
1188 3643 1536 3716 autsaltem
1557 3645 1961 3717 creabilium;
2012 3642 2193 3715 Cum
2210 3645 2406 3738 igitur
2420 3640 2640 3742 plures
2664 3667 2765 3712 res

313 3753 462 3826 *sint
484 3747 798 3825 creabiles
813 3801 833 3829 ‚
869 3745 1084 3847 plures
1102 3770 1375 3842 quoque
1396 3746 1681 3819 mundos
1700 3745 1821 3818 esse
1834 3747 2107 3836 possibiles
2124 3788 2147 3824 ,
2184 3764 2514 3840 utcunque
2530 3744 2767 3810 abinalia!

333 3852 624 3926 mundus
644 3903 666 3936 ,
706 3846 961 3938 tesiam
986 3862 1227 3916 creatas
1243 3851 1627 3926 continens,
1666 3844 1884 3914 existat
1905 3848 2157 3929 unicus.
2216 3839 2410 3941 Resp.
2456 3836 2765 3935 Qodin

317 3953 687 4054 ,quaestioue
717 3945 1034 4026 versatur,
1068 3943 1234 4018 illud
1268 3945 1398 4034 est,
1433 3941 2183 4144 anpluresgupdidari,
2220 3934 2355 4041 hoe
2375 3939 2466 4012 est
2483 3934 2782 4102 ίῐηέἶιΰζῖ
