3391 4418
1062 147 2314 245 Consuuer·ro.‘
2696 168 2866 256 ⁴⁸5

419 268 730 355 banerent
748 323 772 361 ,
800 266 915 370 qui
933 261 1029 371 ol)
1056 252 1624 361 imperfectionem
1643 275 2054 358 organorum
2070 252 2377 331 incedere
2394 259 2468 329 Gt
2482 253 2670 356 loqui
2688 281 2846 330 nec-

427 378 591 452 dum
615 370 954 448 didicere?
995 368 1343 438 Summum
1388 350 1479 426 est
1523 355 1713 455 quod
1739 356 1988 458 poffint
2020 380 2337 434 conatum
2370 359 2709 456 quendam
2746 357 2834 432 ad

424 475 758 582 agendum
783 478 847 547 in
867 463 1194 541 nonnullis
1216 455 1685 533 demonstrare.
2439 539 2443 545 ‚
2629 475 2639 485 ·

382 659 384 662 Α
520 602 592 669 9.
639 573 838 649 Adeo
868 591 942 643 ut
975 562 1298 660 affirmate
1332 561 1524 630 liceat
1565 611 1587 645 ,
1629 561 1956 632 rationem
1993 583 2143 632 oum
2174 581 2458 661 corpote
2490 556 2829 658 quodam-

413 674 626 755 modo
655 665 1075 747 maturescere
1112 718 1137 753 ,
1185 686 1309 736 nec
1359 658 1578 756 inepte
1603 658 2094 754 Juteeonsultos
2132 661 2365 757 justam
2396 668 2471 734 &
2502 663 2824 769 integram

415 779 728 854 Hominis
766 792 1023 846 aetatem
1060 765 1234 836 hanc
1265 758 1388 836 effe
1422 756 1714 857 judicare
1742 815 1767 850 ,
1813 785 1942 859 qua
1970 782 2207 860 corpus
2232 757 2514 834 crescere
2546 757 2778 830 delinit
2798 809 2821 843 ,

412 871 906 978 conquiescente
932 865 1041 938 illa
1067 862 1423 936 humorum
1452 885 1528 931 ac
1553 866 1855 961 corporis
1874 883 2189 961 perpetua
2206 849 2558 964 agitatione
2575 883 2653 929 ac
2669 881 2821 958 per-

408 976 782 1054 turbatione
801 1028 819 1058 ,
843 974 948 1043 cui
971 961 1412 1037 adolescentes
1435 960 1730 1035 obnoxii.
1783 964 2022 1061 Neque
2040 963 2218 1062 leges
2232 985 2392 1035 tunc
2414 958 2695 1062 amplius
2716 979 2821 1030 tu-

404 1078 663 1154 toribus
685 1082 755 1148 &
782 1062 1189 1144 curatoribus
1218 1059 1557 1135 hominem
1576 1060 1944 1158 subjiciunt.

509 1205 620 1250 10.
668 1169 904 1271 Qlis
934 1188 1149 1239 autem
1182 1158 1444 1233 infantis
1482 1159 1567 1231 ad
1600 1161 1898 1234 adultum
1922 1205 1946 1240 ‚
1994 1159 2138 1233 talis
2155 1156 2662 1256 quodammodo
2687 1154 2815 1229 foe·

400 1283 591 1351 minae
620 1271 707 1344 ad
731 1293 980 1340 marem
997 1314 1020 1351 ‚
1054 1261 1311 1334 indocili
1341 1257 1426 1330 ad
1453 1258 1729 1332 do&um
1752 1258 1875 1331 hac
1894 1266 1960 1329 in
1981 1280 2162 1360 parte
2179 1263 2342 1330 ratio
2356 1282 2429 1327 ac
2448 1255 2678 1327 relatio
2702 1257 2818 1327 est.

508 1400 536 1446 1
560 1400 613 1447 1.
669 1376 770 1442 Ac
827 1362 1072 1439 'roinde
1093 1361 1226 1432 huc
1293 1364 1574 1431 ertinent
1595 1358 1730 1436 illi,
1762 1384 1934 1455 quos
1959 1356 2365 1451 naturdservos
2386 1356 2542 1427 dixit
2562 1355 2812 1425 Aristo-

383 1472 558 1548 ”teles
577 1526 599 1557 ,
618 1495 754 1570 quo
821 1470 1090 1567 ingenio
1109 1387 1375 1532 tarrliac
1396 1456 1675 1557 stupidi,
1700 1482 1977 1556 corpore
2003 1475 2224 1528 autem
2251 1452 2538 1542 robusti,
2559 1460 2622 1524 in
2641 1451 2814 1524 hunc

400 1574 601 1646 finem
636 1573 674 1643 d
704 1590 932 1640 natura
961 1559 1272 1664 produ&
1302 1556 1682 1653 videantur,
1719 1580 1790 1628 ut
1815 1555 1989 1643 aliis,
2024 1561 2139 1653 qui
2168 1555 2437 1656 ingenio
2469 1557 2813 1628 &tatione

398 1671 652 1758 valent,
687 1666 1109 1741 famulentur.
1874 1673 1878 1678 ·
2474 1718 2475 1721 ,

500 1798 529 1844 1
544 1798 607 1844 2.
662 1769 880 1840 Plures
896 1762 1068 1838 certe
1088 1761 1382 1862 corporis
1399 1760 1734 1855 animique
1754 1758 1936 1829 adius
1959 1755 2302 1853 conjungit
2318 1805 2339 1837 ,
2375 1758 2486 1852 qui
2509 1777 2646 1823 non
2668 1774 2813 1821 mo·

400 1870 491 1946 do
507 1867 627 1943 fibi
652 1894 729 1940 ac
748 1865 1114 1940 domesticis
1134 1859 1255 1934 suis
1272 1913 1293 1945 ,
1325 1857 1552 1930 verum
1575 1862 1771 1929 etiam
1792 1853 2066 1956 publico
2087 1848 2400 1956 prospicit
2414 1906 2436 1940 ,
2456 1850 2655 1951 quam
2678 1848 2807 1934 ille,

307 2060 312 2065 ,
389 1979 510 2073 ‘qui
529 1995 611 2045 ne
629 1967 747 2042 fibi
766 1965 1035 2067 quidem
1053 1960 1171 2064 ipsi
1188 1954 1552 2063 prospicere
1573 1961 1786 2030 novit.

496 2099 610 2165 13.
641 2073 758 2161 ‚Ex
797 2067 993 2140 dietis
1023 2063 1229 2161 liquet
1265 2112 1287 2149 ,
1332 2085 1460 2157 qua
1494 2062 1752 2132 ratione
1782 2049 2205 2155 Philosophia
2225 2050 2511 2148 fipaerario‘
2540 2048 2737 2119 anima
2771 2046 2807 2118 ἃ

387 2192 605 2267 corpore
623 2168 731 2244 vel
759 2175 950 2240 mortis
967 2165 1268 2237 meditatio
1286 2158 1540 2233 Platoni
1562 2155 1882 2260 appellata
1907 2149 2124 2228 fuerit.
2158 2154 2438 2256 Qanto
2454 2154 2629 2224 enim
2649 2164 2809 2248 pro-

339 2343 357 2358 ·
389 2267 658 2343 funditis
688 2293 764 2339 ac
799 2264 1043 2337 diutius
1072 2253 1650 2358 philosophamur,
1686 2254 1885 2327 tanto'
1909 2259 2116 2353 magis
2136 2259 2427 2326 animum
2458 2253 2498 2327 ὶ
2518 2268 2805 2348 corpore

387 2367 850 2450 abstrahimus,
872 2358 1102 2454 sentite
1129 2371 1332 2455 atque
1361 2361 1635 2427 externis
1655 2351 1829 2426 affici
1852 2349 2277 2424 desuescimus
2294 2407 2316 2438 ,
2335 2360 2409 2423 ec
2429 2371 2622 2450 grate
2643 2366 2808 2418 ‘con-

389 2463 804 2565 templationi
827 2458 1243 2556 indulgentes
1322 2452 1523 2525 edum
1555 2450 1754 2551 frigus
1781 2448 2071 2521 sedentes
2091 2501 2113 2534 ,
2139 2448 2269 2522 cibi
2302 2448 2597 2545 saporem
2614 2465 2807 2515 com-

273 2638 278 2644 ,
384 2563 700 2645 edentes,
742 2556 1147 2632 affidentium
1179 2481 1390 2656 δείξας
1417 2561 1489 2624 &
1527 2577 1733 2624 voces
1769 2549 1978 2621 oculis
2010 2569 2204 2643 atque
2240 2545 2829 2616 antibasis-struat

387 2690 466 2738 ac
482 2658 821 2765 praesentes
849 2651 1251 2756 quandoque
1278 2676 1415 2724 non
1440 2655 1860 2752 percipimuS.

1159 2799 1269 2940 ‘C
1328 2877 1384 2936 A
1444 2883 1515 2938 Ρ.
1629 2842 1990 2933 XLIV.

766 3006 1052 3122 Ingenii
1068 3002 1266 3086 dotes
1281 3030 1364 3081 ac
1375 2998 1813 3113 dtfflrentiaes
1828 3022 1924 3075 ex
1940 2986 2423 3094 conjunffione

1062 3127 1318 3200 mentis
1336 3145 1498 3198 cum
1515 3138 1792 3228 corpore
1801 3106 2135 3222 pendere.

395 3295 422 3340 1
439 3326 454 3343 .
490 3280 661 3441 O
685 3267 1009 3342 Ccafione
1027 3274 1256 3341 eorum
1277 3291 1423 3364 quae
1441 3262 1526 3334 de
1543 3262 1760 3332 doctis
1778 3277 1971 3352 atque
1987 3247 2270 3331 indoffis
2286 3299 2307 3331 ,
2324 3240 2592 3346 stupidis
2611 3247 2680 3317 δε
2698 3240 2801 3314 in.
2857 3275 2868 3282 ·

470 3387 478 3392 ’
682 3373 882 3470 genio
905 3368 1184 3469 praeditis
1214 3364 1428 3438 modo
1452 3362 1772 3443 diximus,
1806 3353 1888 3426 de
1919 3350 2216 3422 humano
2234 3352 2459 3441 Ingenio
2492 3338 2797 3415 nonnihil

385 3466 728 3540 differendi
746 3471 930 3542 locus
948 3466 1055 3539 hic
1078 3464 1199 3539 effe
1218 3462 1502 3538 videtur.

487 3595 553 3641 2.
607 3569 786 3641 Nam
824 3573 1070 3669 Ingenii
1097 3571 1365 3640 nomine
1390 3586 1527 3635 non
1559 3582 1786 3660 putam
1816 3550 2072 3651 atqued
2101 3570 2380 3647 corpore
2404 3540 2791 3614 abstraCtam

385 3673 709 3741 rationem
744 3667 1092 3742 humanam
1126 3664 1585 3765 intelligimus3
1623 3654 1731 3728 sed
1763 3656 2043 3726 eandem
2082 3669 2401 3748 quatenus
2432 3641 2469 3715 a
2490 3645 2792 3743 corporis

385 3765 806 3870 dispositione
827 3764 1339 3867 quodammodo
1357 3761 1686 3865 perficitur
1711 3756 1813 3827 vel
1835 3750 2213 3850 impeditur.

413 3891 424 3901 ·
491 3898 554 3962 3.
589 3877 763 3941 Dotes
790 3871 997 3962 ingenii
1018 3863 1343 3940 Cattefius
1362 3867 1548 3935 initio
1569 3854 1827 3928 Diss'ett.
1852 3850 1933 3922 de
1954 3843 2293 3921 Methodo
2322 3868 2447 3940 tres
2468 3837 2791 3917 recenset,

389 3970 726 4074 cogitandi
756 3971 1155 4046 celeritatem
1179 4016 1202 4051 .
1251 3961 1553 4038 distincte
1581 3947 1982 4125 imagkixnlandi
2011 3945 2431 4029 facilitatem,
2458 3944 2793 4017 memoriae

1659 4059 1731 4128 H
1915 4077 1954 4123 2
2507 4063 2514 4070 ’
2600 4055 2794 4132 capa-
