3391 4418
886 120 1633 205 Conponum
1718 126 2575 233 Vrvnnrruu.
2765 158 2935 268 287

499 256 575 312 ut
609 227 968 310 feraciores
1004 228 1165 318 fint,
1199 252 1348 340 ante
1380 229 1742 310 sementem
1775 245 1916 343 agri
1943 246 2399 332 stercorantur.
2637 273 2650 278 “

594 341 711 434 48.
775 352 963 408 Arena
975 333 1132 405 vero
1148 330 1301 424 (Ph.
1323 358 1353 406 1
1366 338 1541 427 168.)
1566 333 1703 409 hoc
1720 343 1812 414 est
1825 399 1847 430 ,
1876 355 2816 450 congerie-sm-inutiffimorum
2833 367 2933 441 la-

490 438 805 538 pillorum
824 488 842 516 ,
874 434 1021 509 licet
1053 459 1228 508 acres
1248 436 1579 509 interdum
1607 434 1832 517 succos
1856 458 2252 546 conjunffos
2282 457 2531 535 habeat
2557 515 2588 549 .‚
2628 462 2929 561 plu-viam

494 534 888 611 transmittit.

593 661 713 733 49.
764 644 856 709 lta
882 633 1136 724 lemen,
1174 632 1363 736 quod
1401 637 1648 714 cecidit
1678 648 1748 713 in
1779 669 2041 745 petram
2065 704 2088 732 ‚
2126 680 2396 734 enatum
2414 669 2708 745 exaruit,
2749 697 2924 771 quo·

490 744 667 812 niam
697 733 1047 810 humorem
1081 765 1219 811 non
1242 733 1534 812 habebat
1555 793 1577 827 ,
1615 745 1778 819 Luc.
1802 749 1868 822 8.
1924 754 2355 833 Contrarium
2374 764 2540 839 fitin
2561 766 2800 846 arbore
2829 770 2918 845 ad

484 845 659 915 rivos
682 836 976 936 plantata
995 835 1157 910 Psal.
1192 865 1252 912 1.
1337 900 1340 902 a
2181 885 2186 892 .

635 1006 678 1091 Ι
710 1007 811 1097 V.
867 1005 1291 1090 Viventium
1304 1006 1643 1088 interitus
1665 1010 1758 1106 ἀ
1777 1045 1970 1099 mors
1991 1019 2038 1100 a*
2057 1022 2286 1138 causis
2306 1039 2717 1123 contrariis.

574 1175 692 1248 50.
741 1151 956 1223 Porro
988 1145 1169 1222 ficuti
1199 1157 1329 1226 vita
1357 1156 1415 1224 in
1429 1154 1613 1222 calido
1633 1161 1707 1233 ό*
1724 1161 1949 1232 humido
1968 1189 2339 1265 temperato
2363 1167 2720 1249 sufficiente
2739 1203 2909 1254 con·

465 1253 663 1328 fistit:
699 1258 790 1323 ita
823 1255 966 1324 viva
1001 1273 1282 1349 corpora
1322 1258 1693 1325 moriuntur
1730 1282 1924 1358 atque
1959 1271 2289 1340 intereunt
2309 1272 2532 1364 frigido
2556 1277 2792 1372 velficco
2818 1285 2911 1351 ita

463 1350 1027 1456 praedominante,
1068 1371 1142 1420 ut
1175 1352 1570 1453 principium
1611 1358 1793 1434 vitae,
1826 1364 1992 1458 ignis
2020 1364 2306 1455 calidus,
2342 1376 2767 1459 imminuatur
2803 1378 2907 1451 vel

466 1452 765 1528 tollatur.

569 1579 603 1649 5
625 1579 686 1626 ι.
736 1549 970 1625 Valeat
1006 1556 1183 1623 enim
1211 1550 1348 1623 hoc
1377 1550 1540 1623 loco
1570 1549 1774 1628 illud:
1806 1563 2293 1636 contrariorum
2329 1566 2548 1646 causas
2573 1574 2696 1649 effe
2737 1602 2906 1650 con·

466 1677 715 1728 tranas.
2871 1729 2876 1738 .

567 1779 601 1849 5
616 1780 677 1828 2.
731 1758 932 1857 Igitur
944 1780 1087 1854 quae
1100 1751 1282 1836 causa
1304 1748 1499 1841 facit,
1520 1778 1593 1826 ut
1610 1753 1830 1827 hieme
1844 1759 2149 1832 animalia
2165 1767 2472 1863 quaedam
2494 1773 2728 1858 ,veluti
2748 1802 2898 1850 mu-

458 1854 579 1930 scae
597 1909 620 1944 ,
645 1881 814 1930 ranae
833 1910 855 1944 ‚
885 1859 1051 1929 item
1069 1852 1337 1930 arbores
1355 1863 1420 1928 &
1445 1853 1666 1928 herbae
1682 1857 1989 1962 quaedam
2007 1870 2372 1945 moriantur
2385 1925 2407 1960 ‚
2431 1898 2545 1947 aut
2564 1878 2738 1950 certe
2752 1883 2899 1950 cre-

458 1956 631 2031 scere
649 1953 965 2030 defluant.
1536 1957 1541 1966 ⁸
2405 2041 2412 2054 ,

555 2081 666 2159 53.
715 2058 969 2132 Eadem
988 2057 1223 2144 efficit,
1260 2061 1353 2132 uti
1371 2058 1745 2159 plantarum
1759 2060 2046 2164 plurium
2059 2063 2226 2143 folia
2239 2069 2355 2146 sub
2368 2075 2576 2151 finem
2594 2084 2895 2152 autumni

455 2163 526 2234 in
546 2160 930 2263 regionibus
949 2156 1394 2262 frigidioribus
1407 2159 1750 2235 decidant.
2023 2209 2026 2213 2

556 2283 671 2353 54.
723 2264 1065 2332 Nimirum
1097 2259 1191 2332 ob
1231 2257 1564 2334 defedtum
1602 2263 1835 2339 caloris
1868 2267 2088 2342 solaris
2115 2272 2152 2344 ὲ
2188 2272 2404 2350 radice
2423 2278 2572 2354 satis
2589 2282 2891 2357 alimenti
2952 2298 2959 2307 ‘

455 2382 599 2428 non
623 2357 910 2432 elicitur:
951 2386 1165 2457 neque
1185 2357 1545 2459 plantarum
1559 2369 1710 2463 pori
1728 2364 1762 2438 a
1781 2361 2026 2468 frigore
2048 2366 2537 2471 superveniente
2552 2380 2744 2456 clausi
2757 2378 2890 2455 'suf-

454 2454 791 2526 ficientem
815 2455 902 2527 ad
919 2453 1081 2527 folia
1100 2458 1462 2556 vegetanda
1490 2459 1749 2534 succum
1765 2466 2228 2546 transmittunt.
2281 2504 2286 2509 ·
2601 2532 2602 2535 ,
2693 2538 2696 2541 ,

555 2575 673 2650 55.
721 2553 910 2624 Idem
948 2551 1245 2641 defectus
1267 2555 1604 2635 alimenti,
1656 2586 1782 2631 nec
1819 2591 1958 2636 non
1994 2566 2239 2639 ficcitas
2273 2590 2471 2666 atque
2503 2560 2885 2649 {conitaffib

451 2676 785 2752 potorum
805 2647 1035 2736 efficit,
1056 2674 1130 2722 ut
1145 2650 1363 2723 media
1379 2657 1593 2727 aestate
1608 2656 1900 2733 rosarum
1918 2660 2081 2732 folia
2102 2663 2437 2741 decidant.
2549 2666 2552 2669 ¹
2687 2672 2692 2677 ’

553 2779 593 2851 5
606 2767 672 2827 6,
725 2756 1071 2852 Qamvis
1086 2755 1256 2824 enim
1281 2750 1461 2825 calor
1476 2754 1647 2829 Solis
1659 2802 1683 2835 2
1708 2765 1828 2856 qui
1851 2757 2116 2833 succum
2132 2764 2431 2839 attollere
2445 2763 2610 2842 solet
2625 2816 2650 2849 ‚
2665 2773 2880 2847 aestate

450 2878 595 2925 non
629 2850 829 2938 defit,
847 2850 1206 2944 fermentum
1239 2850 1547 2954 (Respice
1573 2859 1635 2935 §-
1666 2871 1799 2958 25)
1840 2883 2061 2934 tamen
2092 2868 2158 2943 in
2191 2865 2432 2967 plantis
2450 2894 2593 2943 non
2613 2873 2879 2951 videtur

449 2953 568 3026 nifi
584 2974 735 3027 cem
752 2976 819 3023 ac
832 2951 1061 3048 definito
1081 2971 1322 3047 tempore
1340 2960 1656 3050 operatione
1658 2960 1772 3056 sua
1776 2961 1950 3058 fungi
1960 2960 2166 3063 poffe.
2463 2992 2466 2995 ·
2779 3018 2784 3023 -
2849 3010 2852 3013 Δ

547 3078 665 3148 57.
712 3053 943 3127 Simile
981 3052 1353 3153 exemplum
1384 3055 1704 3132 habemus
1736 3065 1803 3134 in
1845 3063 2021 3136 calce
2039 3071 2227 3153 viva,
2259 3094 2406 3167 quae
2423 3071 2594 3168 aqua
2612 3070 2850 3173 adspe‘·

443 3157 657 3255 gitur:
683 3153 802 3229 ubi
840 3150 1265 3227 fermentatio
1296 3160 1531 3260 exiguo
1564 3167 1879 3261 temporis
1901 3165 2250 3240 intervallo
2274 3171 2538 3251 finitur,
2578 3180 2650 3244 &
2671 3171 2869 3245 semel

440 3258 708 3354 peracta
744 3281 883 3327 non
915 3256 1132 3355 potest
1160 3260 1225 3326 in
1244 3255 1476 3329 eadem
1489 3285 1609 3360 per
1624 3287 1870 3361 aquam
1891 3265 2239 3342 instaurari.
2292 3269 2481 3344 Idem
2502 3276 2571 3349 in
2586 3271 2724 3347 aliis
2739 3270 2872 3347 fen-

440 3354 961 3438 mentationibus
988 3353 1389 3431 observatur.

540 3460 654 3547 58.
706 3453 1043 3552 Ejusmodi
1083 3463 1399 3558 temporis
1429 3506 1450 3540 ,
1509 3484 1648 3558 quo
1677 3463 1916 3565 plantae
1950 3464 2254 3567 cujusque
2289 3464 2711 3545 fermentatio
2741 3478 2866 3547 cir-

438 3552 826 3655 cumscripta
861 3556 951 3626 est
985 3610 1003 3637 ,
1057 3563 1126 3627 δι
1161 3556 1605 3632 exficcationis
1632 3561 1667 3633 a*
1690 3567 1912 3639 calore
1939 3569 2110 3643 Solis
2138 3568 2568 3645 incumbente
2588 3573 2862 3676 profici«-

437 3656 667 3730 scentis
682 3652 1119 3737 confideratio
1140 3661 1204 3727 in
1224 3658 1446 3732 multis
1461 3688 1736 3760 quoque
1752 3666 1893 3762 aliis
1913 3667 2139 3741 locum
2157 3675 2423 3744 invenit.
2495 3724 2498 3727 -

532 3781 642 3851 59.
690 3762 796 3831 Sic
809 3782 1016 3860 poma
1035 3763 1359 3830 maturain
1383 3784 1619 3832 terram
1657 3767 1934 3840 cadunt:
1970 3769 2086 3842 ubi
2118 3769 2201 3841 ad
2219 3771 2508 3846 alimenti
2525 3771 2860 3848 defectum

437 3861 509 3928 &
533 3882 915 3973 meatuum,
949 3862 1065 3959 qui
1098 3852 1239 3932 sunt
1265 3864 1335 3932 in
1367 3862 1637 3963 petiolis
1657 3918 1680 3955 ‚
1726 3867 2223 3945 exficcationem
2258 3873 2515 3950 accedit
2541 3881 2634 3949 vis
2648 3878 2858 3976 gravi·

435 3976 606 4033 tam.
1540 3982 1541 3985 ¹
2559 4030 2566 4044 ·
2774 4001 2784 4012 ⁸
2821 3998 2826 4001 ’

2621 4072 2744 4137 60.
2774 4063 2886 4153 Et*
