3391 4418
522 255 526 259 ,
1029 165 2267 270 (ἓοῑνιχυποϊῐο.ι
2660 208 2822 285 441

485 288 558 361 6.
578 288 743 360 Hoc
757 303 978 354 autem
998 282 1065 352 in
1082 273 1376 380 praesenti
1392 283 1668 377 negotio
1691 284 1969 356 maxime
1989 281 2449 357 admirandum
2474 285 2582 368 est,
2605 295 2824 389 quod,

390 389 545 458 cum
579 395 649 460 in
683 379 1085 460 foederibus,
1114 382 1429 478 conjugio
1448 420 1476 455 2
1505 384 1791 451 amicitia
1821 388 1885 455 δι
1915 383 2497 481 conjunctionibus
2524 386 2592 458 id
2612 419 2823 492 genus

390 484 533 560 aliis
551 540 574 573 ,
608 485 861 588 quanto
892 482 1095 578 majus
1129 487 1299 554 inter
1316 500 1535 580 partes
1556 486 1945 578 conjunctas
1961 483 2294 556 dimdium
2318 491 2526 588 viget,
2559 499 2814 587 quant&

388 588 481 657 est
515 596 733 660 acrior
757 610 982 687 pugna
1000 638 1024 673 ,
1063 583 1251 656 tanto
1287 580 1479 653 citius
1497 590 1717 654 omnis
1738 606 1958 657 earum
1981 583 2360 658 dissolvatur
2381 590 2809 683 conjunctim
2870 590 2876 602 ’

377 692 696 789 conjugium
726 706 950 759 tamen
978 687 1176 757 anima
1203 682 1280 761 ό·
1299 686 1546 775 corporis
1578 684 1638 753 in
1655 687 1900 757 Homine
1927 709 1994 756 ne
2007 706 2110 780 per
2126 687 2573 858 ardentigtmaem
2590 697 2820 785 quidem

371 805 620 882 pugnam
636 810 888 882 unquam
921 803 1240 861 evertatur.
1294 778 1509 883 Qod
1532 787 1703 855 inter
1717 792 1989 887 propria
2006 784 2320 862 connubii
2391 797 2532 888 ujus
2552 793 2812 869 mirifici

380 886 763 991 vigefimum
778 887 1125 989 septimum
1144 888 1470 957 numerari
1485 884 1730 985 potest.

1233 1073 1313 1160 C
1371 1096 1428 1155 A
1488 1098 1559 1154 ι».
1680 1067 1933 1156 LIV.

751 1222 1045 1311 addus
1061 1223 1280 1305 etiam
1298 1223 1629 1303 Hominis
1650 1221 2044 1330 compaefitos
2062 1223 2240 1304 alios
2256 1223 2424 1304 aliis

1184 1332 1558 1419 interdum
1576 1333 1977 1440 adverfiri.

381 1500 445 1555 1.
628 1480 964 1579 Roptium
1021 1483 1509 1577 conjunctionis
1558 1473 1848 1567 ejusdem
1896 1479 2279 1581 vigesimum
2319 1483 2628 1553 octavum
2670 1478 2804 1567 est,

474 1493 594 1660 P
621 1577 811 1679 quod
838 1584 1038 1651 etiam
1063 1585 1215 1651 aaut
1229 1582 1314 1653 iux·
1330 1579 1505 1651 mixti
1524 1627 1546 1660 ,
1567 1580 1665 1668 qui
1671 1581 1891 1669 partim
1904 1584 2176 1672 corporis,
2205 1584 2421 1672 partim
2427 1585 2561 1678 Jient
2578 1583 2760 1652 animi
2779 1628 2803 1664 ,

357 1682 462 1779 filei
497 1683 826 1776 quandoque
856 1680 917 1748 in
948 1680 1190 1749 Homine
1220 1679 1615 1773 adversantur.
1692 1680 1911 1775 Atque
1942 1678 2106 1752 illud
2141 1702 2414 1779 quoque
2444 1686 2805 1780 permirum

374 1782 466 1853 est
482 1834 506 1868 ,
525 1805 758 1853 eorum
779 1779 1342 1879 quae·constituunt
1360 1786 1430 1853 &
1449 1801 1869 1877 componunt
1892 1783 2261 1852 Hominem
2281 1834 2302 1865 ,
2321 1781 2597 1853 alterum
2619 1777 2803 1851 alteri

373 1908 439 1953 re
490 1905 765 1983 ugnare3
799 1872 1172 1953 Hominem
1210 1878 1332 1952 ess'e
1358 1887 1427 1953 &
1448 1902 1711 1951 manere
1731 1929 1752 1963 ,
1781 1883 1891 1976 qui
1922 1878 2135 1952 modo
2159 1877 2283 1952 hac
2300 1879 2514 1971 niodo
2535 1901 2803 1952 contra-

370 1990 463 2057 tia
496 1979 715 2055 forma
753 1976 1180 2065 informatur,
1217 1982 1494 2079 imoqui
1514 1975 1758 2050 eodem
1782 1999 2082 2079 tempore
2103 1976 2339 2053 totalek
2356 1976 2605 2055 formas
2632 2003 2799 2052 con·

367 2089 590 2156 tratias
608 2089 675 2153 in
697 2076 1187 2181 stpersentiscit.
1648 2107 1653 2111 ·
1751 2108 1759 2115 ·
2706 2094 2707 2097 ’

464 2209 526 2258 2.
576 2174 902 2255 Distensus
920 2189 1101 2255 enim
1121 2178 1218 2250 illi
1238 2184 1577 2252 mixtarum
1594 2182 1889 2278 corporis
1906 2180 2236 2278 animique
2251 2176 2674 2254 functionum
2689 2178 2794 2252 vel

367 2282 630 2357 diverfis
669 2279 1080 2380 temporibus
1098 2277 1202 2351 vel
1227 2276 1469 2349 eodem
1484 2275 1744 2378 prorsus
1762 2301 2063 2378 tempore
2081 2289 2152 2352 in
2175 2284 2473 2354 Homine
2499 2305 2794 2382 compo-

366 2381 490 2453 fito
509 2379 885 2452 sentiuntur.

463 2506 525 2576 3.
581 2476 883 2581 Qando
908 2480 1206 2577 corporis
1225 2477 1509 2572 &animi
1531 2479 1713 2549 adius
1732 2478 1895 2552 alios
1917 2484 2159 2552 Homo
2174 2487 2386 2583 jungit
2401 2506 2600 2569 nunc,
2622 2478 2786 2551 alios

361 2602 551 2652 antea
572 2587 995 2677 conjunxerat
1013 2629 1037 2664 ,
1057 2576 1140 2648 de
1165 2601 1303 2678 quo
1327 2599 1468 2676 cap.
1487 2582 1780 2652 XXXIV
1798 2585 2049 2680 egimus
2066 2633 2087 2664 ,
2124 2579 2321 2653 veluti
2341 2579 2387 2650 si
2407 2587 2473 2652 in
2494 2577 2788 2682 praesenti

359 2675 680 2753 aversetur
699 2676 923 2750 cibum
940 2732 962 2766 ,
993 2701 1193 2777 quem
1215 2674 1377 2746 olim
1395 2673 1632 2775 cupide
1657 2683 1963 2778 appetiit,
2005 2678 2160 2754 licet
2179 2679 2589 2752 intervallum
2615 2702 2784 2754 tem-

356 2786 537 2884 poris
570 2778 878 2859 accedat,
917 2779 1156 2882 merito
1196 2799 1414 2847 tamen
1441 2775 1770 2873 judicatur
1787 2775 1909 2851 effe
1931 2805 1975 2850 o
2023 2775 2299 2880 politio:
2337 2780 2786 2878 quemadmo-

359 2882 522 2957 dum
539 2879 658 2953 fibi
685 2873 1138 2954 contradicere
1154 2874 1537 2978 perhibetur
1557 2931 1579 2963 ‚
1610 2884 1724 2977 qui
1745 2878 1926 2953 idem
2006 2879 2094 2952 iis
2111 2884 2202 2952 ait
2216 2932 2241 2967 ‚
2279 2878 2433 2954 alizis
2450 2906 2672 2986 negat.

451 3008 523 3079 4.
571 2980 775 3058 Unde
813 2979 1120 3081 colligere
1152 2977 1280 3062 est,
1316 2973 1364 3048 fi
1393 2975 1497 3050 alii
1527 2977 1785 3078 prorsus
1818 2984 1999 3053 actus
2025 2986 2138 3076 jun
2186 3004 2379 3054 antur
2408 2987 2477 3054 in
2504 2985 2781 3055 meliore

354 3086 480 3155 vita
497 3129 519 3165 ,
559 3107 758 3184 quam
784 3087 852 3152 in
872 3081 996 3153 hac
1029 3078 1423 3153 mortalitate
1450 3081 1656 3176 Junsti
1680 3076 1859 3156 fuere
1877 3135 1897 3166 ‚
1932 3104 2071 3151 non
2090 3006 2254 3152 icfeo
2274 3082 2472 3154 alium
2490 3079 2636 3156 fote
2652 3077 2781 3152 ho-

354 3185 641 3257 minem:
679 3187 995 3283 quoniam
1029 3177 1164 3254 haec
1187 3175 1482 3251 hominis
1509 3173 1728 3251 forma
1767 3206 2072 3281 magnam
2110 3178 2314 3253 habet
2340 3179 2778 3256 latitudinem.

352 3286 452 3354 Ita
475 3306 693 3357 tamen
715 3287 854 3355 alios
877 3287 1060 3357 astus
1088 3279 1377 3380 intellige
1398 3303 1419 3361 ‚‘
1452 3302 1523 3353 ut
1540 3285 1832 3354 animi&
1852 3284 2149 3382 corporis
2170 3305 2408 3355 naturae
2429 3305 2568 3357 non
2590 3306 2783 3382 repu-

321 3408 666 3580 ‘gnsst‘At
691 3481 885 3556 nobis
913 3479 1020 3553 hic
1042 3477 1320 3552 maxime
1341 3477 1685 3581 spestanda
1708 3479 1797 3551 est
1816 3478 2134 3552 discordia
2150 3534 2173 3566 ‚
2206 3506 2349 3580 quae
2367 3487 2434 3552 in
2463 3477 2641 3552 idem
2662 3498 2777 3550 aut

342 3608 558 3687 prope
591 3581 773 3655 idem
809 3607 1068 3684 tempus
1097 3580 1346 3654 incidit.
1408 3586 1504 3652 Ita
1531 3585 1686 3652 vero
1720 3575 2008 3653 stensuutn
2034 3604 2454 3652 externorum
2479 3579 2643 3678 aliua
2665 3576 2777 3649 alii

342 3709 825 3783 nonnunquam
865 3677 1267 3756 adversatur:
1305 3691 1514 3781 e'x.gt.
1560 3682 1712 3753 cum
1746 3675 1904 3754 vistis
1947 3678 2253 3752 baculum
2288 3679 2386 3751 vel
2421 3704 2680 3753 remum
2709 3683 2779 3751 in

345 3793 514 3886 aqua
544 3784 827 3859 stastum
859 3811 934 3857 ac
965 3779 1244 3855 divisum
1249 3782 1507 3881 judicat
1525 3834 1546 3867 ,
1575 3805 1774 3880 quern
1800 3785 2009 3853 tactus
2029 3785 2360 3881 integrum
2383 3798 2581 3884 atque
2603 3779 2780 3854 indi⁴

340 3884 1050 3989 visumdeprehcndit„
1078 3886 1187 3980 Sic
1201 3879 1571 4006 patriarcha
1591 3879 1838 3956 Istacus
1863 3877 2096 3956 Genes.
2115 3904 2238 3970 27.
2266 3875 2558 3960 eundem
2569 3881 2776 3957 filiurn

340 3982 523 4063 suum
542 4016 618 4069 ex
642 3993 820 4065 taCtu
840 3986 1155 4079 Esavum3
1189 4011 1228 4062 e
1252 3975 1414 4063 voce
1432 3981 1768 4088 Jacobum
1793 3978 1915 4057 effe
1933 3977 2297 4084 judicabat.

367 4093 376 4124 ⁵
1601 4121 1609 4129 ·
1655 4089 1719 4160 K
1741 4083 1845 4161 kk
1897 4108 1937 4160 a
2519 4078 2785 4177 &Stepe
