3391 4418
599 162 750 216 no
1240 126 2346 214 Durus-arxe
2602 220 2603 223 w

588 232 805 345 Qod
824 242 1034 315 multo
1055 246 1256 345 magis
1272 240 1356 313 de
1375 239 1822 343 magnitudine
1836 246 2034 312 etiam
2052 236 2302 311 dabunt
2314 231 2723 337 Philosophi,
2742 233 2855 335 qui
2876 257 3023 309 eam

594 344 872 447 speciem
890 347 1266 442 quantitatis
1287 338 1555 440 faciunt.

706 474 730 517 1
753 473 815 537 5.
866 444 1075 514 Porro
1114 439 1512 514 divifibilitas
1541 437 1979 542 praesupponit
2018 436 2455 511 extenfionem
2485 493 2501 518 ,
2541 437 2761 535 estque
2782 463 3024 538 corpus

597 542 915 617 divifibile
927 547 1084 641 quia
1100 540 1465 615 extensum:
1504 567 1643 613 non
1665 545 1823 613 vero
1846 534 2173 611 extensum
2199 590 2218 620 ,
2255 543 2409 637 quia
2433 536 2776 611 divisibile.
2826 542 3023 610 Divi-

528 698 531 700 ψ
598 646 792 717 fionis
814 669 1082 740 quoque
1101 666 1459 743 conceptus
1474 647 1845 744 negativus,
1883 636 2267 710 extenfionis
2289 665 2426 709 non
2443 644 2626 710 item.
2677 637 2895 736 Qod
2914 662 3027 710 au-

601 769 736 816 tem
754 770 989 842 corpus
1005 740 1204 817 habet
1213 768 1424 843 partes
1441 796 1462 828 ,
1482 767 1757 840 quarum
1779 739 1900 811 alia
1919 740 2009 809 est
2023 764 2195 810 extra
2209 740 2400 810 aliam
2417 735 2629 839 pofita
2643 792 2664 821 ‚
2688 743 2779 809 ita
2798 765 2868 812 ut
2890 736 3024 810 haec

599 843 775 917 illam
804 866 1141 943 penetrate
1175 868 1313 915 non
1343 841 1539 943 poffit
1554 892 1576 928 ,
1609 838 1719 912 sed
1734 866 1883 913 cum
1899 865 1976 910 ea
1993 848 2110 938 per
2125 845 2593 912 extremitatem
2610 838 3025 936 suamjunsta

601 950 989 1016 continuum
1004 939 1196 1016 faciat
1217 943 1436 1037 &c.,id
1457 967 1676 1014 totum
1691 949 1758 1013 in
1778 938 2089 1012 relatione
2110 936 2394 1037 politum
2412 939 2535 1024 est,
2554 963 2750 1038 atque
2770 936 3025 1039 insuper

601 1040 932 1118 divisionis
961 1069 1037 1114 ac
1069 1047 1546 1117 terminationis
1568 1064 2002 1142 conceptum,
2034 1062 2383 1139 utrumque
2420 1047 2826 1139 negativum,
2856 1066 3023 1139 prae-

597 1145 802 1216 struit.
849 1148 1091 1217 Canon
1115 1148 1395 1243 logicus
1416 1143 1742 1238 estzdf'vifio
1755 1166 1867 1213 non
1876 1142 1953 1234 fit
1971 1143 2030 1209 m'
2049 1165 2066 1209 ι
2085 1143 2146 1208 in
2164 1164 2232 1208 ea
2257 1164 2368 1231 (χιιι
2387 1140 2595 1235 insunt.
2645 1143 3022 1237 Antequam

599 1249 796 1344 igitur
817 1269 917 1315 tes
943 1241 1276 1317 dividatur
1296 1297 1318 1330 ,
1352 1249 1622 1344 ponitur
1643 1241 1765 1314 este
1782 1296 1801 1327 ‚
1831 1246 2101 1341 ponitur
2116 1237 2367 1337 aliquid
2383 1244 2441 1309 ei
2465 1236 2679 1311 inesse.
2734 1243 2893 1312 Hoc
2907 1266 3023 1311 au-

601 1368 734 1417 tern
752 1350 820 1417 in
840 1369 1123 1445 corpore
1145 1344 1235 1415 est
1256 1396 1278 1429 ,
1318 1339 1642 1417 extensum
1669 1340 1815 1414 effe.
2946 1372 2954 1380 ·

1324 1505 1580 1602 Extensso
1594 1528 1727 1576 vera
1745 1505 1969 1602 essentia
1998 1504 2277 1595 Corporis.

693 1653 724 1701 1
740 1641 805 1702 6.
858 1630 1049 1732 Qid
1082 1659 1242 1731 ergo
1262 1652 1553 1702 remanet
1569 1654 1701 1726 prae
1723 1622 2232 1727 caeterispofitivi
2248 1647 2444 1720 atque
2458 1619 2734 1696 absoluti
2758 1644 2780 1698 ἒ
2820 1619 3018 1723 Resp,

588 1730 868 1825 Extenfio.
934 1712 1232 1818 Extensio
1274 1731 1365 1800 est
1404 1751 1549 1823 quae
1584 1723 1911 1797 essentiam
1938 1731 2232 1826 corporis
2256 1725 2587 1797 constituit
2614 1779 2635 1809 ,
2681 1744 2821 1822 quae
2841 1722 3022 1801 solaa*⁴

593 1848 879 1928 corpore
914 1830 1131 1905 divelli
1165 1833 1415 1926 nequit.
1470 1831 1798 1929 Qamvis
1819 1832 2088 1898 enimin
2109 1822 2367 1897 extenso
2394 1820 2850 1898 habitudinem
2875 1850 3022 1925 parf

596 1931 762 1999 tium
791 1927 1176 2004 adinvicem
1193 1925 1384 2000 facile
1408 1926 2044 2027 comprehendamus
2061 1983 2076 2007 ,
2115 1924 2447 2026 possumus
2468 1949 2687 1998 tamen
2704 1923 3023 1999 extensio-

597 2050 750 2096 nem
772 2035 1023 2126 optime
1037 2052 1256 2100 mente
1274 2034 1623 2125 concipere
1642 2080 1662 2111 ,
1701 2028 1948 2097 etiamst
1963 2027 2045 2099 de
2064 2027 2172 2096 illa
2194 2023 2570 2116 habitudine
2598 2052 3021 2126 nequaquam

598 2131 962 2226 cogitemus
977 2181 999 2215 ,
1024 2136 1093 2201 δε
1110 2127 1442 2228 poffumus
1459 2132 1806 2225 concipere
1822 2153 2058 2228 corpus
2076 2125 2495 2198 indefinitum
2514 2150 2707 2226 atque
2728 2131 3023 2199 intermi-

597 2250 823 2297 natum
841 2280 862 2312 ,
891 2233 958 2299 in
993 2255 1131 2326 quo
1158 2227 1244 2298 nil
1274 2226 1390 2299 nifi
1404 2226 1692 2300 extenfio
1714 2228 2174 2302 confidetetut.
2227 2224 2524 2298 Extenfio
2544 2234 2740 2330 igitur
2762 2225 3023 2302 effentia

599 2331 893 2428 corporis
917 2330 1008 2400 est
1023 2383 1045 2416 ,
1079 2329 1118 2401 a
1137 2354 1277 2426 quo
1298 2354 1380 2400 ne
1400 2332 1804 2432 cogitatione
1820 2328 2092 2427 quidem
2109 2326 2380 2428 separati
2400 2333 2640 2425 potest.

702 2453 816 2514 17.
874 2428 1106 2529 Qalis
1127 2433 1284 2501 vero
1306 2429 1588 2501 exteniio
1610 2446 1630 2499 Ξ
1652 2416 1804 2500 nam
1830 2439 1898 2501 &
1923 2427 2207 2515 scientia,
2225 2437 2294 2503 δι
2314 2435 2465 2513 v‘ita,
2486 2430 2736 2528 aliaque
2758 2429 3018 2503 extendi

594 2523 928 2603 dicuntur.
977 2526 1174 2630 Resp.
1214 2526 1514 2603 Extenfio
1548 2535 1843 2630 corporis
1872 2531 2045 2602 estin
2071 2529 2347 2631 longum
2368 2582 2390 2613 ,
2424 2525 2627 2602 latum
2648 2538 2715 2602 ὅ(
2734 2526 3018 2632 profun-

591 2628 787 2717 dum,
822 2656 1022 2730 quam
1050 2655 1126 2701 ex
1158 2631 1333 2703 fluxu
1351 2628 2059 2731 superficieiprovenire
2076 2638 2318 2733 cogitat
2339 2635 2720 2702 Geometra.
2773 2633 3017 2732 Neque

593 2729 718 2800 alia
755 2731 1040 2804 extensio
1078 2755 1401 2831 corporea
1435 2729 1549 2803 sub
1566 2735 2042 2831 cogitationem
2064 2730 2416 2803 humanam
2435 2729 2609 2801 cadit
2627 2755 3017 2829 praeteream

593 2853 736 2924 qua:
791 2834 861 2898 in
888 2829 1301 2929 longitudine
1335 2883 1356 2914 ,
1405 2829 1750 2903 latitudine
1791 2840 1860 2903 &
1888 2830 2333 2930 profunditate
2365 2827 2646 2905 confistit
2686 2883 2707 2916 ,
2759 2829 3015 2904 tametfi

591 2925 804 2998 modo
827 2952 1024 2998 unam
1044 2952 1118 2996 ex
1139 2928 1264 2998 istis
1288 2928 1808 3001 dimensionibus
1813 2931 2001 3022 solam
2024 2985 2045 3015 ‚
2084 2930 2295 3004 modo
2321 2927 2478 3002 duas
2496 2985 2516 3016 ,
2548 2929 2759 3002 modo
2780 2956 3019 3003 omnes

594 3050 720 3098 tres
739 3032 976 3124 pariter
992 3023 1433 3097 attendamus.
1496 3028 1801 3100 Tandem
1823 3028 2258 3103 extensionem
2282 3030 2702 3131 intelligimus
2728 3030 3017 3110 „cui-di-

590 3122 913 3197 visibilitas
937 3170 956 3204 ‚
985 3126 1193 3226 figura
1220 3180 1240 3211 ,
1272 3122 1423 3198 fitus
1454 3135 1525 3198 δι’
1566 3128 1704 3199 aliae
1741 3151 2103 3227 corporum
2128 3135 2559 3228 proprietates
2579 3126 2788 3205 insunt
2814 3185 2835 3216 ‚
2869 3156 3012 3230 quo

590 3249 904 3320 tanquam
933 3226 1182 3296 idoneo
1200 3223 1496 3324 subjecto
1513 3223 1935 3305 sustentantur
1955 3254 2333 3326 omniaquae
2358 3226 2498 3302 sunt
2520 3236 2587 3300 in
2609 3257 2914 3333 corpore.

697 3326 804 3398 18.
854 3323 989 3397 Sed
1024 3322 1238 3395 adhuc
1275 3326 1530 3398 videtur
1559 3324 1941 3400 hominibus
1978 3352 2337 3426 conceptus
2370 3327 2475 3399 ille
2502 3338 2803 3431 corporis
2822 3334 3015 3403 nimis

585 3419 707 3496 esse
723 3423 1239 3509 Mathematicus
1255 3478 1276 3508 ,
1305 3432 1495 3499 nimis
1516 3427 1907 3514 abstractum
1936 3428 2174 3499 vellent
2190 3424 2528 3523 Phyficum
2543 3430 2703 3529 quid
2729 3486 2750 3518 ,
2784 3424 3016 3533 magis-

583 3550 712 3621 que
748 3523 918 3595 reale
947 3533 1017 3597 &
1060 3520 1488 3599 substantiale.
1542 3526 1799 3627 Ecquid
1827 3526 1982 3599 veto
2000 3526 2404 3615 defiderant,
2439 3531 2602 3630 quid
2619 3559 2849 3633 petunt
2871 3559 3015 3603 am-

576 3621 743 3724 plius
772 3643 793 3696 2
831 3630 933 3696 An
948 3623 1183 3696 durum
1207 3625 1360 3722 quid
1381 3679 1402 3710 ,
1426 3633 1496 3700 δε
1516 3625 1840 3727 palpabile
1862 3635 1931 3699 &
1955 3625 2399 3726 ponderosum
2426 3649 2446 3703 ἓ
2470 3633 2649 3703 Nem
2701 3662 2735 3704 e
2759 3631 3009 3706 affidue

580 3747 913 3796 recurrunt
935 3723 1260 3800 consuetae
1282 3730 1627 3825 opiniones
1650 3751 2032 3825 tantamque
2047 3731 2083 3801 ὲ
2112 3736 2344 3801 teneris
2361 3737 2540 3803 annis
2554 3661 2895 3808 nogiscum
2912 3731 3013 3802 fa-

576 3824 1010 3897 miliaritatem
1026 3850 1400 3901 contraxere
1423 3880 1445 3913 ,
1469 3853 1537 3900 ut
1554 3825 1671 3930 ipsi
1688 3828 2141 3902 demonstratae
2165 3826 2396 3899 cedere
2420 3835 2671 3900 veritati
2694 3830 3011 3904 recusent.

573 3929 960 4021 AtoejeQae
995 3927 1131 4020 jam
1161 3925 1668 4023 sunthefutatae
1702 3925 1871 4001 sunt.
1920 3924 2109 4023 Quid
2141 3951 2301 4027 ergo
2334 3929 2526 4000 restat
2554 3925 3014 4004 uiant-manus

2844 4035 3008 4104 dent
