3391 4418
957 122 1752 209 ‚Putsrca
1864 120 2148 212 x111.
2640 154 2789 234 ¹45

454 248 529 314 6.
583 232 1037 338 Respondeo,
1076 234 1279 308 duum
1311 260 1626 335 generum
1646 285 1669 319 ‚
1712 234 1758 308 fi
1797 238 2071 334 quidem
2108 264 2217 312 eas
2251 235 2539 342 respestu
2554 247 2795 316 mentis

358 332 593 414 'nostra
613 338 1105 438 distinguamuS,
1137 337 1177 410 ὲ
1197 332 1479 407 uobisin
1494 342 1763 412 materia
1778 336 2053 437 intelligi
2068 339 2406 436 qualitates
2420 336 2547 410 five
2568 338 2789 441 dispo·
2828 358 2831 363 ’

347 439 653 525 lineum
683 438 838 509 alias
858 438 1027 509 clare
1045 446 1113 509 &
1127 435 1427 509 distinere*
1450 434 1857 530 {cujusmodi
1876 434 1912 505 s
1903 461 2021 510 unt
2036 432 2316 541 exempli
2332 434 2513 513 cariffi
2532 438 2784 540 figurat,

347 538 504 611 ficus
524 591 547 623 ,
583 539 1019 610 determinarae
1055 536 1578 638 magnitudines;
1612 537 1767 609 alias
1791 536 2065 611 obscure
2082 563 2338 613 tantum
2362 549 2432 615 δι
2449 540 2718 614 confuse
2746 594 2773 626 ,

345 634 710 735 cujusmodi
725 635 861 709 sunt
880 636 1141 710 colotes
1163 682 1187 713 ‚
1220 641 1497 736 gravitas
1514 682 1534 717 ,
1574 635 1838 714 levitas.
1861 647 1924 709 δι
1948 635 2206 711 similes.

303 742 312 750 '
442 764 515 835 7.
564 744 670 833 De
700 733 1204 838 posterioribus,
1231 735 1410 806 unde
1433 744 1824 836 proveniant
1844 790 1865 822 ,
1900 764 2038 810 non
2071 737 2225 810 licet
2244 735 2643 837 philosopho
2664 747 2770 836 ju-

225 858 254 875 ··
343 837 562 910 dicare
579 892 610 926 ,
632 864 983 936 antequam
1021 834 1249 907 clarius
1276 860 1381 907 eas
1400 844 1786 936 perceperit.
1833 843 2132 910 Priorum
2157 862 2300 910 tota
2313 837 2673 911 multitudo
2689 864 2768 910 ac

344 937 667 1012 diverfitas
685 943 1046 1040 generatim
1065 937 1151 1006 ad
1172 934 1306 1004 hoc
1326 960 1524 1005 unum
1541 959 1736 1036 caput
1758 932 1977 1008 referri
1996 938 2216 1037 potest
2229 990 2250 1024 ,
2285 937 2475 1036 quod
2496 945 2765 1010 materia

342 1035 418 1110 fit
433 1037 761 1111 divisibilis
775 1043 845 1107 in
917 1060 1121 1120 artes,
1158 1031 1281 1105 five
1304 1032 1595 1107 mobilis.

438 1145 508 1214 8.
557 1138 764 1212 Unde
785 1064 1178 1206 aiffrmamus
1202 1187 1218 1212 ,
1259 1157 1530 1203 omnem
1551 1132 1825 1206 universi
1845 1132 2034 1232 hujus
2046 1142 2419 1208 varietatem
2437 1181 2458 1215 ‚
2489 1161 2763 1210 omnem

340 1264 706 1339 corporum
736 1232 1127 1305 naturalium
1158 1228 1743 1331 pulchritudinem,
1781 1261 1979 1332 quam
2019 1243 2244 1308 animo
2265 1244 2334 1309 ὃ(
2361 1241 2761 1336 cogitatione

336 1338 580 1433 ass‘equi
595 1333 886 1406 valemus
900 1387 921 1418 ,
941 1333 1153 1429 primo
1176 1338 1246 1403 δε
1264 1332 1558 1429 proxime
1573 1332 1611 1403 εὶ
1631 1357 1821 1406 motu
1843 1333 2186 1433 proficisci,
2211 1338 2326 1433 qui
2342 1335 2432 1407 est
2445 1341 2510 1407 in
2529 1335 2760 1421 mundi

340 1432 659 1537 partibus·
834 1510 840 1515 ,
1657 1436 1660 1443 “

357 1565 372 1597 ;
448 1558 517 1620 9.
565 1539 795 1623 Quam
830 1534 1091 1629 originis
1122 1535 1456 1615 rationem.
1477 1552 1547 1601 ut
1568 1532 1653 1603 eo
1678 1525 1925 1604 facilius
1954 1540 2167 1633 capias
2190 1580 2211 1612 2
2253 1532 2385 1607 hoc
2421 1535 2757 1610 ribifimile

344 1656 700 1733 proponet
741 1634 961 1731 cogita
997 1655 1063 1705 te
1094 1628 1214 1702 esse
1240 1673 1262 1708 ‚
1312 1626 1424 1700 ubi
1445 1652 1695 1702 tacente
1716 1642 1860 1704 ae‘re
1881 1631 2457 1722 circumfiindariS,
2494 1636 2659 1708 nihil
2681 1662 2756 1710 ut

342 1731 603 1818 audias,
634 1727 791 1801 nihil
856 1732 1164 1826 ercipias:
1197 1730 1398 1800 statue
1422 1728 1656 1803 deinde
1678 1733 2003 1806 Muficum
2021 1732 2353 1831 quendam
2370 1733 2753 1810 modulante

331 1830 561 1933 lingua
599 1856 674 1902 ac
689 1756 1187 1929 fidiguspulsatis
1200 1834 1415 1902 a'e'rem
1435 1833 1868 1931 percutiendo
1888 1832 2239 1906 tremulum
2256 1860 2332 1905 ac
2349 1831 2671 1908 vibratum
2685 1844 2757 1910 in

334 1941 481 2028 ejus
505 1928 794 2032 partibus
819 1953 1074 2009 motum
1090 1934 1364 2006 excitare
1385 1974 1408 2012 2
1447 1932 1661 2009 statim
1689 1957 1761 2005 ut
1774 1930 2213 2040 pulcherrima
2226 1934 2486 2009 auribus
2506 1938 2634 2009 tuis
2652 1942 2753 2010 in-

329 2028 525 2105 sonet
539 2030 895 2105 harmonia.
2532 2034 2535 2037 ’

436 2157 545 2204 ιο.
595 2131 857 2205 Eodem
901 2133 1118 2207 modo
1135 2188 1158 2221 ,
1196 2131 1252 2205 fi
1283 2134 1652 2208 confideres
1695 2157 1913 2209 totum
1953 2134 2085 2212 hoc
2121 2134 2486 2212 universum
2503 2192 2525 2226 ,
2558 2133 2754 2241 quod

327 2235 512 2305 Deus
532 2257 608 2304 ex
622 2231 826 2306 nihilo
847 2242 1091 2308 creavit
1111 2288 1133 2320 ,
1147 2239 1368 2333 primo
1386 2239 1656 2335 quidem
1671 2260 1745 2306 ut
1757 2235 2040 2307 informe
2061 2244 2524 2312 &inornatum
2544 2270 2563 2325 3
2590 2262 2755 2312 mox

330 2355 547 2405 tamen
577 2333 1057 2407 animadvertes
1078 2387 1100 2419 ,
1138 2332 1385 2405 eodem
1409 2341 1566 2406 Deo
1629 2331 1871 2408 artibus
1890 2333 2057 2409 illius
2071 2336 2409 2438 inspirante
2445 2362 2706 2410 motum
2728 2390 2752 2424 ,

324 2430 782 2505 delectabilem
795 2458 1011 2504 rerum
1029 2438 1096 2502 in
1115 2432 1370 2504 mundo
1387 2438 1564 2505 extiti
1618 2432 1650 2502 i:
1674 2441 2083 2507 varietatem.
2389 2449 2393 2452 “

430 2558 457 2606 x
473 2535 506 2601 '1
520 2581 543 2602 .
593 2527 929 2601 Mobilem
946 2529 1107 2599 vero
1123 2533 1463 2599 materiam
1470 2530 1778 2623 secundum
1795 2552 1984 2624 partes
2002 2531 2141 2604 suas
2155 2532 2271 2603 esse
2289 2531 2606 2605 neceffum
2631 2534 2746 2617 est,

322 2652 400 2702 ut
429 2635 651 2703 omnis
667 2624 864 2710 inde,
912 2651 1058 2722 quae
1076 2630 1142 2695 in
1161 2628 1412 2698 mundo
1430 2630 1610 2724 perci
1659 2632 1827 2703 itur,
1862 2626 2191 2699 diverfiras
2209 2634 2478 2699 oriatur.
2546 2643 2751 2699 Totam

372 2735 568 2830 uippe
609 2730 948 2800 materiam
980 2721 1088 2796 [eu
1125 2747 1344 2796 totum
1371 2652 1739 2798 univerfum
1773 2723 1961 2798 simul
1988 2750 2123 2798 uno
2142 2727 2367 2824 aliquo
2393 2749 2583 2800 motu
2601 2731 2745 2798 resto

352 2836 474 2903 etri
488 2825 703 2930 polle,
737 2851 874 2898 non
892 2821 1313 2926 intelligimus
1334 2877 1355 2909 ‚
1392 2829 1707 2924 quoniam
1722 2825 2129 2899 indefinitam
2149 2836 2287 2926 eJ'us
2301 2822 2740 2900 extensionem

319 2928 776 3014 attendentes,
807 2926 1036 2998 locum
1056 2978 1077 3011 ‚
1112 2922 1251 3023 quo
1278 2921 1560 3012 feratur,
1587 2931 1875 2999 invenire
1898 2927 2148 3001 nullum
2175 2925 2532 3029 poffumus.
2584 2929 2671 3000 At
2692 2925 2741 3001 fi

316 3032 585 3102 circulari
604 3051 793 3100 motu
815 3050 1031 3098 totum
1050 3021 1236 3096 fimul
1255 3021 1654 3098 circumferri
1676 3051 2002 3129 ponamus
2023 3075 2043 3108 ‚
2062 3030 2368 3127 haudqua
2420 3054 2566 3100 uam
2587 3026 2699 3098 ista
2717 3072 2740 3107 ,

319 3153 528 3229 quam
561 3132 642 3201 in'
661 3125 915 3200 mundo
951 3122 1315 3199 admirabili
1353 3152 1508 3199 cum
1550 3125 1887 3228 voluptate
1920 3135 2273 3212 cernuum,
2303 3056 2456 3201 inde
2495 3125 2736 3200 deduci

317 3252 518 3331 queat
533 3253 890 3327 corporum
908 3223 1294 3298 naturalium
1314 3231 1607 3299 varietas·

421 3355 530 3401 η.
579 3333 677 3399 Ita
696 3379 718 3411 ‚
755 3350 827 3399 ut
857 3331 928 3399 in
957 3323 1299 3427 propofito
1339 3324 1528 3398 simili
1563 3327 1970 3425 perfistamus
1989 3382 2010 3415 ‚
2038 3323 2083 3399 fi
2116 3338 2224 3401 aer
2237 3355 2437 3402 vento
2458 3334 2739 3430 agitatus

315 3429 535 3503 versus
553 3452 750 3500 unam
781 3452 846 3497 re
897 3430 1113 3498 ‘onem
1145 3449 1325 3498 totus
1346 3450 1693 3515 moveatur
1715 3481 1733 3507 ,
1773 3424 1876 3497 vel
1907 3432 1974 3498 in
1992 3424 2051 3498 se
2068 3427 2397 3502 volutatus
2422 3435 2741 3500 vorticem

317 3525 518 3602 faciat
534 3572 559 3605 ‚
596 3523 770 3596 nulla
805 3451 1119 3597 efficietur
1154 3523 1535 3598 harmonia:
1569 3550 1635 3597 at
1654 3523 1697 3595 si
1719 3524 1956 3628 linguae
1979 3527 2276 3600 humanae
2297 3531 2552 3627 plectro
2570 3554 2645 3601 ac
2662 3528 2742 3601 fi·

320 3627 520 3702 dibus
551 3622 740 3699 tenfis
770 3645 941 3697 nunc
964 3632 1174 3720 major
1192 3679 1213 3709 ‚
1249 3651 1422 3698 nunc
1445 3631 1664 3698 minor
1683 3634 1843 3700 aeris
1858 3633 2078 3722 portio
2102 3681 2123 3714 ‚
2151 3626 2336 3702 aliter
2355 3627 2490 3704 haec
2512 3681 2531 3712 ,
2560 3628 2746 3710 aliter

315 3727 431 3803 illa
441 3732 854 3801 concutiatur
869 3768 895 3801 2
915 3749 1037 3794 una
1054 3721 1287 3798 fortius
1307 3778 1328 3811 ,
1345 3724 1540 3797 altera
1561 3723 1874 3798 remiffius
1890 3722 2174 3826 pulsetur
2192 3781 2214 3813 ,
2235 3753 2472 3804 vocum
2501 3726 2743 3805 discors

315 3826 612 3903 nascetur
634 3821 1009 3898 concordia.

423 3954 536 4024 ¹3·
584 3930 769 4030 Dum
810 3921 1032 4023 itaque
1063 3927 1401 4008 materiam
1429 3919 1787 3999 secundum
1821 3949 2034 4024 partes
2065 3926 2389 4006 mobilem
2423 3923 2701 3998 dicimus
2689 3968 2739 4088 ἆ

1759 4027 1822 4098 T
2318 4065 2323 4068 -
2544 4046 2684 4119 quo
