3391 4418
596 148 756 223 14⁰
1244 104 2335 190 Duru-ratze

597 235 829 306 dentes
864 224 1012 300 fint.
1065 221 1315 292 Eorum
1360 224 1432 289 &
1469 240 1622 288 curn
1653 220 1927 285 materia
1959 237 2157 286 nexus
2189 207 2823 290 &interscinvioem
2840 212 3026 288 orde
3096 273 3101 277 .

598 333 772 405 clare
809 321 1233 419 distincheque
1308 321 1635 417 ercipitur.
1706 314 1932 388 Simile
1969 340 2181 413 neque
2215 313 2302 388 dc
2334 311 2564 387 formis
2599 312 3030 389 substantiali·

602 433 724 506 bus
738 477 761 512 ,
801 451 1016 522 neque
1036 421 1117 492 de
1142 344 1568 517 qualitatibus
1586 416 1863 488 occultis
1876 440 1990 487 aut
2010 413 2357 490 manifestis
2370 414 2720 515 praedicare
2737 415 2960 490 liceat.

707 556 830 604 20.
879 530 1082 597 Erunt
1113 517 1285 592 forte
1318 522 1431 617 qui
1465 518 1597 588 haec
1634 522 1862 588 omnia
1896 513 2085 589 facile
2120 513 2319 588 nobis
2350 516 2740 616 largiantur,
2781 543 2853 589 ut
2874 512 3023 588 sane

607 658 748 705 non
782 625 1029 699 habent
1049 646 1350 719 magnam
1371 612 1865 702 difficultatem3
1894 615 2000 689 led
2020 615 2425 690 contendant
2444 669 2467 702 ‚
2511 615 3029 715 haudquaquam

608 728 897 806 sufficere
934 748 1135 822 pauca
1171 720 1277 790 illa
1309 727 1378 791 δε
1402 715 1599 789 obvia
1619 713 1704 786 ad
1719 716 1969 790 infinita
1988 743 2229 795 naturae
2251 714 2481 816 paffim
2506 717 2908 790 admiranda:
2922 743 3030 789 at-

612 820 1187 909 canaevolvenda.
1252 815 1516 916 Qibus
1533 814 1999 915 respondemus
2031 845 2055 889 1
2071 870 2089 891 .
2113 816 2284 888 hanc
2304 841 2607 889 verorum
2631 815 2753 890 effi:
2780 821 3034 919 princi·-

611 936 874 1033 piorum
891 922 1192 996 indolem
1218 964 1238 994 ,
1274 944 1345 990 ut
1359 942 1566 1017 pauca
1586 915 1713 987 fint
1729 926 1797 989 &
1816 942 1979 990 nota
2000 970 2022 1002 ,
2058 916 2349 989 necideo
2372 911 2727 1016 spernenda
2745 969 2765 1002 ,
2797 915 2905 988 sed
2926 914 3038 988 vel

612 1031 892 1104 maxime
907 1017 1264 1122 usurpanda
1281 1020 1423 1089 ess'c.
1448 1044 1509 1087 2.
1527 1013 1695 1115 ipsos
1718 1044 1854 1088 non
1873 1015 2051 1117 posse
2068 1018 2337 1114 inficiari
2357 1070 2380 1102 ‚
2410 1019 2791 1114 quin-multa
2811 1017 3039 1090 existis

614 1128 942 1233 principiis
960 1121 1102 1196 solis
1121 1118 1418 1219 explicati
1439 1124 1502 1186 in
1521 1115 1711 1188 rebus
1729 1113 2125 1193 naturalibus
2142 1115 2411 1217 poffint.
2475 1122 2543 1190 Si
2558 1116 2740 1217 plura
2753 1116 2877 1188 alia
2891 1140 3039 1188 non

617 1229 860 1333 posfint
882 1279 903 1310 ‚
936 1224 1009 1295 id
1048 1222 1233 1320 'quod
1266 1214 1571 1288 nondum
1596 1215 1921 1288 ostensum
1939 1217 2061 1296 est,
2094 1215 2529 1315 nonsequitur
2546 1215 2882 1289 eaidcirco
2906 1216 3038 1287 sta-

618 1339 738 1405 tim
774 1316 1297 1422 abjiciendaesse.
1372 1317 1756 1389 Accuratius
1773 1318 2173 1415 investiganti
2192 1314 2705 1417 profundiusque
2726 1322 2795 1388 in
2808 1315 3043 1389 abdita

616 1453 859 1504 naturae
882 1425 1247 1525 penetranti
1270 1414 1646 1518 apparebit,
1679 1417 1864 1521 plura
1881 1423 2043 1492 exiis
2063 1419 2244 1519 polle
2261 1416 2594 1518 explicui,
2623 1419 3043 1516 quiiminitiq

622 1531 904 1634 putarat.
960 1549 969 1558 ’
3040 1586 3043 1595 .

619 1688 630 1697 ,
729 1658 765 1702 2
786 1656 843 1701 1.
902 1653 963 1718 3.
994 1627 1172 1696 Non.
1199 1622 1404 1696 video
1429 1649 1567 1723 quo
1585 1628 1727 1718 jure
1752 1627 1903 1721 quis
1920 1623 2211 1697 nostrum
2228 1622 2589 1696 institutum
2611 1647 2808 1723 queat
2827 1644 3049 1719 repre-

621 1726 953 1812 hendere,
980 1729 1132 1798 cum
1165 1750 1285 1795 nec
1317 1722 1586 1796 moleste
1620 1720 1757 1794 aliis
1779 1775 1802 1806 ,
1830 1721 2067 1819 quibus
2098 1722 2216 1793 alia
2238 1720 2532 1817 Phyfices
2565 1723 2881 1824 principia
2907 1722 3049 1820 pla-

625 1853 781 1903 cent
798 1879 821 1915 ,
842 1823 1288 1898 contradicere
1305 1823 1669 1895 studeamus
1690 1873 1713 1905 ‚
1736 1846 1949 1919 neque
1970 1846 2102 1894 tam
2120 1819 2409 1920 ipsorum
2420 1821 3018 1897 domosdestruerc
3031 1873 3059 1907 ‚
3097 1846 3108 1856 ·

615 1931 828 2031 quim
860 1923 1104 1999 nostras
1130 1922 1439 1995 exstruere
1474 1916 1873 1994 labonemus.
1925 1920 2043 1993 Nil
2066 1948 2171 1994 ma
2261 1928 2786 2023 ipromittimus·‚
2822 1923 3052 1993 vetum

629 2026 1024 2105 tentabimus
1064 2021 1408 2105 duntaxat,
1442 2015 1778 2118 quousque
1814 2020 2009 2093 detur
2047 1948 2317 2095 laucfftis
2355 2020 2776 2122 superstruere
2815 2019 3060 2093 funda.-

617 2131 895 2203 mentis.
963 2118 1265 2193 Fortaffis
1297 2120 1403 2190 alii
1438 2118 2010 2222 plutaintelligunt
2031 2173 2051 2206 ‚
2090 2123 2288 2219 quam
2314 2146 2471 2212 nos,
2494 2119 2775 2201 fortaffis
2790 2148 2926 2193 non
2941 2148 3057 2193 ve-

617 2249 854 2302 -1entur
877 2248 954 2302 ea
1015 2249 1090 2296 ro
1107 2226 1436 2321 principiis
1448 2220 1762 2294 affumete
1782 2246 1969 2318 ‚quae
1990 2248 2129 2293 non
2147 2217 2289 2294 satis
2303 2221 2704 2323 intelligunt,
2773 2222 2909 2295 uod
2932 2250 3059 2294 no-

634 2329 738 2401 bis
764 2250 1097 2425 piacullim
1115 2331 1183 2394 ὅ(
1206 2327 1452 2393 crimen
1475 2328 1543 2393 in
1562 2317 2092 2421 philosophando
2111 2330 2466 2395 maximum
2486 2326 2601 2398 est.
2638 2253 2915 2397 Dabunt
2932 2328 3056 2425 igi-

635 2454 742 2505 tur
793 2422 1042 2523 aliquid
1078 2421 1382 2495 benevoli
1417 2426 1535 2494 viri
1562 2424 1785 2493 timori
1817 2422 2092 2507 nostro·‚
2141 2431 2255 2522 qui
2287 2430 2640 2498 metuimus
2670 2425 2880 2528 plut-a·
2901 2448 3063 2498 ven-

634 2529 844 2604 ditare
864 2579 885 2610 ‚
919 2523 1358 2624 quamnosttu
1379 2520 1501 2595 esse
1516 2527 1853 2595 novimus*
2317 2607 2324 2615 .
2692 2603 2697 2608 Ι
3026 2573 3035 2581 .

739 2657 856 2703 22..
908 2627 1142 2699 Nemo
1166 2624 1392 2724 culpat
1420 2633 1859 2694 mercatorem
1881 2677 1903 2710 ‚
1939 2629 2052 2722 qui
2094 2631 2246 2698 cum
2283 2651 2424 2698 non
2448 2624 2743 2702 abundet
2778 2621 3060 2725 opibus,

637 2734 862 2830 exigua
880 2734 1172 2828 pecuniae
1191 2723 1443 2797 summa
1461 2721 1837 2825 vulgatique
1860 2746 2129 2798 moneta
2144 2724 2415 2798 honeste
2432 2725 2835 2827 negotiando
2853 2722 3063 2806 stude-t

639 2829 883 2924 aliquid
918 2826 1314 2898 lucrifacere.
1366 2822 1697 2896 Laudatur
1729 2825 1952 2923 potius
1989 2832 2100 2923 qui
2142 2824 2257 2899 suo
2281 2836 2581 2926 &pauco
2597 2830 2919 2927 negotiari
2935 2821 3065 2897 sol-

641 2925 767 2998 lers
807 2928 1039 3022 incipit
1061 2974 1081 3006 ‚
1111 2924 1309 3020 quani
1352 2929 1464 3087 qui
1499 2924 1713 2995 multo
1733 2932 1803 2995 ὃ(
1823 2923 2040 2998 alieno
2060 2951 2179 2997 aere
2204 2926 2479 3000 obrutus
2503 2926 2772 3002 molitur
2793 2919 3065 3009 incerta.

645 3028 902 3125 Exigitis
925 3020 1199 3122 persaepe
1221 3017 1368 3091 sacu
1398 3021 1636 3093 tatibus
1653 3049 1899 3123 magnae
1914 3050 2077 3124 opes
2097 3025 2512 3124 acquifitae&
2531 3052 2945 3126 parvamanu
2964 3031 3065 3110 in-

644 3120 1382 3198 numerabilesthostium
1403 3125 1611 3219 copiae
1630 3117 1799 3195 susae.
3128 3127 3141 3138 ‘

750 3250 785 3294 2
804 3250 863 3312 3.
914 3229 1036 3296 Vir
1053 3220 1338 3320 prudens
1352 3217 1748 3319 exspeckabit
1770 3221 1959 3294 studii
1982 3225 2180 3297 nostri
2200 3225 2444 3326 phyfici
2463 3252 2765 3303 eventum
2792 3271 2815 3308 ,
2855 3247 3067 3324 neque

647 3349 772 3396 nos
788 3320 1215 3492 carpqtngd
1231 3376 1252 3408 ‚
1273 3317 2120 3495 ssisspssurzssngicxbgsursne?
2136 3332 2482 3495 lcorporeis
2503 3328 2807 3400 nondum
2828 3326 3070 3399 habea-

647 3449 796 3600 rsgllas
807 3446 1054 3594 gligit
1068 3449 1285 3593 dicerce1
1314 3446 1651 3592 audemllis.
1704 3524 1833 3592 His
1868 3450 3071 3629 diligerllelllalitqffffiglpelligglfegdt

648 3622 787 3724 spes
819 3622 914 3693 est
936 3621 1020 3692 eo
1045 3616 1226 3721 poffe
1261 3621 1589 3704 deveniri,
1623 3642 1695 3690 ut
1728 3645 1870 3716 quae
1907 3648 2080 3697 nunc
2101 3630 2479 3726 ignoramus
2497 3626 2871 3730 specialiora
2900 3626 3071 3702 fort&

646 3725 972 3825 principia
989 3719 1386 3823 detegamus.

751 3849 876 3919 24..
916 3820 1374 3939 Superioribus
1416 3823 1673 3898 accedit
1726 3839 1900 3899 'nova
1934 3822 2017 3897 de
2046 3820 2331 3919 Phyficae
2366 3829 2594 3900 nostrae
2632 3823 3078 3902 fundamentis

646 3918 815 3998 bene
828 3917 1124 4031 sperandi
1143 3919 1354 4019 causa,
1380 3923 1567 4026 quod
1587 3929 1762 4008 circa
1775 3922 2010 4031 cadem
2030 3927 2287 4017 omnia,
2307 3924 2547 4030 quibus
2564 3922 3080 4026 Mathesisopti-

2944 4041 3177 4114 mfl‘·
