3391 4418
652 131 756 203 14
1290 98 1355 191 P
1468 122 1534 179 a
1651 125 1709 179 τ
1831 124 1872 181 s
1989 122 2029 179 1
2151 122 2205 178 c
2260 132 2271 141 ·
2323 121 2389 178 Α
2495 182 2498 183 f
2689 182 2695 191 ,

747 232 915 309 204.
964 207 1117 282 Nec
1160 233 1358 309 parva
1388 208 1689 284 <imantia
1729 211 1821 283 est
1855 215 2024 283 inter
2051 213 2228 281 viam
2264 207 2433 283 hanc
2475 206 3074 300 (nominationem

647 305 1300 500 ἵᾟίιζῐοῌξειΐὲῑξωιις
1312 307 1681 412 appellare)
1713 318 2056 383 &motum
2075 305 2305 410 ipsum.
2337 313 2661 383 Manente
2683 313 2862 381 enim
2874 334 3068 385 motu

755 535 921 602 205.
972 508 1213 580 Contis
1228 514 1298 580 in
1329 506 1618 581 solidiori
1640 508 1798 581 loco
1827 507 1963 581 fixis
1985 532 2181 601 ocyus
2203 506 2570 581 detruditur
2583 511 2786 581 navis.
2818 508 2881 609 §.
2909 533 2934 582 1
2951 512 3066 597 78.
3195 504 3198 505 ⁷

658 611 969 707 Corpora
994 608 1141 706 post
1157 606 1433 681 humum
1456 609 1861 680 calcitratam
1886 604 2176 680 saliundo
2197 606 2386 681 altius
2409 605 2752 682 tolluntur.

761 715 927 779 2'06.
977 706 1251 794 Mensa,
1288 706 1332 778 fi
1362 707 1865 807 peripetasmatis
1895 731 2112 793 caret,
2147 706 2344 806 quim
2378 705 2425 786 fi
2466 703 2696 777 iisdem
2724 702 2800 777 fit
2835 706 3023 779 strata
3046 757 3071 789 ‚

655 804 925 877 celerius
944 806 1073 905 pila
1089 804 1413 894 decurrit3
1444 816 1515 880 δε
1545 812 1712 903 jasta
1740 832 1970 881 contra
2027 831 2267 881 annum
2284 857 2304 890 ‚
2331 804 2580 891 lutum,
2613 810 2942 902 gramina,
2973 808 3070 879 la-

656 929 771 977 nas
791 930 864 975 ac
889 902 988 975 his
1006 903 1392 985 consimilia,
1414 904 1464 977 fi
1482 903 1737 984 refluet,
1770 908 1946 979 certe
2016 932 2174 980 umo
2193 903 2318 976 alte:
2333 930 2473 978 non
2491 903 2782 977 tolletur.

754 1028 916 1092 207.
969 1013 1091 1077 Per
1121 1004 1272 1076 loca
1303 1003 1567 1078 arenosa
1586 1057 1608 1091 ‚
1663 1005 1981 1078 lutulenta
2022 1015 2095 1078 δε
2122 1003 2351 1076 mollia
2375 1000 2713 1078 difficilior
2738 1000 2935 1077 nobis
2963 1009 3071 1077 in-

655 1100 884 1175 cessus:
2801 1180 2804 1185 ,

752 1207 915 1276 208.
968 1206 1261 1280 Tantum
1284 1210 1458 1277 enim
1503 1228 1728 1277 motus
1766 1202 2126 1299 emisimus,
2163 1225 2485 1302 quantum
2518 1202 2626 1278 illa
2643 1226 3064 1303 aeceperunt,

647 1300 707 1402 §.
739 1314 892 1389 167.
942 1331 1086 1402 quae
1122 1331 1222 1377 res
1246 1303 1626 1379 laffitudinis
1646 1306 1830 1382 caufi
1849 1304 1962 1379 est.

748 1428 917 1489 209.
962 1404 1559 1502 Qmadmodum
1580 1405 1864 1508 denique
1884 1406 1922 1477 εὶ
1935 1411 2314 1507 pavimento
2332 1401 2464 1506 pila
2477 1401 2774 1481 resultat,
2814 1405 2905 1472 ita
2906 1400 3067 1576 gul-

2954 1528 3060 1576 ete

649 1524 831 1572 vetes
865 1526 938 1570 ac
958 1502 1101 1575 luta
1116 1508 1358 1580 calcata
1376 1503 1506 1578 sese
1527 1505 1689 1581 dant
1718 1505 1997 1593 (ursum,
2037 1504 2309 1605 quando
2354 1501 2659 1581 aliorsum
2691 1525 2903 1577 conce

646 1621 787 1671 non
805 1624 1071 1697 queant.

1278 1811 1387 1901 V.
1461 1816 1579 1891 Vk
1605 1750 1866 1924 agendi
1902 1806 1995 1904 ό·
2032 1808 2424 1917 resistendi.

699 2024 737 2072 2
756 2028 860 2076 xo.
1119 2000 1338 2074 Gendi
1373 2011 1445 2076 δε
1477 2000 1822 2079 obsistendi
1856 2011 1997 2091 vis,
2037 2001 2141 2076 seu
2158 2000 2437 2106 positiva
2464 2009 2536 2075 ὅ(
2574 2007 2874 2104 negativa
2908 2000 3058 2074 refi-

888 2083 956 2183 ..ὶ
1009 2032 1090 2182 k
1114 2102 1338 2174 stentia
1360 2104 1424 2203 §.
1459 2132 1620 2181 201·
1689 2104 1814 2179 hac
1850 2103 1984 2179 sola
2016 2108 2085 2176 in
2122 2130 2194 2177 re
2226 2104 2497 2179 vertitur
2530 2154 2555 2189 ,
2591 2102 2781 2203 quod
2813 2128 3057 2176 unum-

646 2200 967 2301 quodque
982 2205 1217 2278 statum
1233 2199 1414 2276 suum
1430 2203 1659 2279 naturi
1681 2204 2000 2309 sequitur:
2019 2207 2170 2307 §.15
2185 2234 2246 2279 ι.

748 2329 830 2374 21
852 2331 909 2379 1.
965 2302 1212 2377 Exinde
1247 2329 1391 2401 quae
1415 2302 1522 2375 alii
1556 2307 1779 2406 quiete
1802 2306 1944 2382 sunt
1963 2309 2222 2402 inusta,
2255 2311 2317 2380 vi
2336 2301 2808 2408 separationem
2838 2309 3055 2406 impe-

641 2399 876 2477 diundi
885 2404 1178 2506 pollent3
1213 2419 1443 2476 contra
1458 2400 1742 2499 sejuncta
1757 2411 2091 2502 conjunffi
2100 2433 2300 2481 onem
2320 2430 2642 2481 avertunt.
2865 2465 2866 2468 ,

742 2532 781 2578 2
796 2530 824 2576 1
842 2532 908 2578 2.
1045 2532 1139 2578 uae
1153 2529 1253 2576 res
1266 2502 1627 2604 quiescunt,
1641 2514 1930 2608 quietem
1946 2505 2121 2582 suam
2138 2517 2431 2584 tutantur
2444 2509 2658 2579 motui
2671 2499 3052 2577 resistendo.

634 2604 823 2679 Idem
842 2605 1064 2704 judica
1083 2605 1167 2680 de
1187 2608 1264 2678 iis
1284 2633 1426 2707 quae
1440 2630 1812 2682 moventur.
1834 2611 1959 2711 §.1
1976 2638 2016 2698 7
2030 2638 2094 2683 2.

737 2733 776 2778 2
792 2733 818 2780 1
839 2733 896 2799 3.
958 2703 1220 2781 Vis'haec
1236 2703 1552 2782 referatur
1595 2736 1652 2782 ι.
1685 2707 1772 2781 ad
1793 2714 2241 2804 magnitudinem
2249 2709 2486 2808 subjecti
2508 2709 2612 2778 cui
2629 2705 2808 2777 inest.
2858 2704 3048 2776 Nam

634 2829 876 2904 corpus
894 2830 1206 2908 magnum
1230 2859 1252 2890 ‚
1286 2805 1578 2906 respestu
1611 2807 1698 2881 ad
1723 2830 1938 2910 partes
1961 2807 2195 2881 habito
2214 2862 2236 2895 ‚
2269 2808 2553 2881 multum
2589 2803 2791 2878 babet
2818 2827 3047 2878 motus

630 2910 710 2976 δε
724 2908 956 3001 quietis
975 2957 999 2990 ‚
1040 2902 1405 2977 cu'usmodi
1421 2915 1744 3005 quantitas
1775 2909 2060 3003 extenfioni
2090 2913 2387 3008 corporis
2406 2903 2922 3006 quodammodo
2941 2930 3048 2975 re-

629 2999 933 3105 spondet.
980 2934 1181 3078 Unde
1199 3000 1360 3075 illud
1379 3002 1672 3079 sermone
1690 3012 1929 3081 tritum
1964 3036 1980 3079 ε
2029 3010 2091 3077 in
2126 3011 2334 3101 majori
2362 3027 2572 3098 quanto
2601 3015 2787 3077 ma‘or
2819 3002 2896 3101 est
2923 3009 3048 3078 vir-

624 3124 737 3178 m.
770 3111 945 3207 Qae
971 3109 1171 3177 virtus
1188 3111 1542 3204 poniturin
1564 3111 1768 3179 totius
1798 3131 2018 3181 motus
2048 3104 2463 3179 vehementia
2499 3032 2773 3179 totifisilre
2804 3108 3045 3204 quictis

548 3241 551 3244 >
625 3200 1053 3276 firmitudine.
1113 3208 1209 3274 Ita
1232 3257 1254 3290 ‚
1283 3206 1421 3305 quo
1443 3214 1658 3303 major
1675 3208 1765 3277 est
1777 3207 2070 3298 flamma,
2087 3207 2170 3278 eo
2188 3203 2480 3279 edacior.
2705 3237 2708 3248 ¹

730 3329 769 3374 2
785 3329 894 3394 14.
944 3307 1194 3398 Majori
1212 3309 1275 3376 vi
1303 3307 1393 3377 est
1424 3331 1667 3407 corpus
1679 3303 2030 3406 globosum
2047 3309 2117 3376 in
2139 3302 2375 3377 orbem
2396 3304 2789 3378 adtumloco
2811 3302 2851 3375 ἃ
2862 3303 3041 3404 polis

620 3408 987 3477 remotiore
1016 3454 1038 3485 ,
1093 3399 1295 3500 quam
1331 3404 1489 3477 loco
1527 3406 1706 3508 polis
1735 3412 1940 3506 magis
1972 3411 2378 3507 propinquo«
2457 3409 2687 3481 Ovum
2716 3401 3041 3477 ambabus

615 3497 735 3575 lon
785 3501 1047 3576 ‘tudinis‘
1065 3503 1571 3580 extremitatibus
1585 3532 1738 3580 com
1792 3505 2020 3580 reffum
2034 3504 2267 3608 palmis
2282 3507 2451 3607 aegre
2471 3499 2842 3606 confringes
2862 3536 2884 3592 3
2921 3499 3052 3577 sed·

566 3633 569 3634 f
614 3602 703 3677 ad
734 3528 1094 3676 {titudinis
1114 3647 1140 3681 ‚
1178 3602 1295 3677 ubi
1327 3613 1547 3680 minor
1586 3607 1679 3679 est
1765 3610 2038 3680 iameter
2056 3651 2083 3686 ,
2120 3627 2406 3683 extrema
2435 3603 2540 3680 vel
2569 3604 3035 3707 pauxillumita

611 3698 892 3808 pressum
913 3699 1136 3801 fragile
1155 3704 1268 3779 est.

716 3827 755 3872 2
773 3824 799 3871 1
817 3825 882 3894 5·
930 3801 1108 3872 Enfis
1119 3801 1539 3908 longiorsnec
1551 3833 1695 3885 non
1710 3804 2062 3886 manubrio
2077 3802 2347 3912 longior
2361 3802 3034 3904 mallngtaviotem

611 3897 896 3980 inferunt
926 3905 1162 3979 iQum.
2707 3965 2712 3970 .
2939 3996 3000 4074 la

2657 4026 2696 4073 2
2712 4008 2823 4074 16.
2872 4003 2936 4076 G
3003 4043 3037 4061 -
