<?xml version="1.0" encoding="UTF-8"?>
<!DOCTYPE html PUBLIC "-//W3C//DTD XHTML 1.0 Transitional//EN"
    "http://www.w3.org/TR/xhtml1/DTD/xhtml1-transitional.dtd">
<html xmlns="http://www.w3.org/1999/xhtml" xml:lang="en" lang="en">
 <head>
  <title>
</title>
<meta http-equiv="Content-Type" content="text/html;charset=utf-8" />
  <meta name='ocr-system' content='tesseract 3.04.00' />
  <meta name='ocr-capabilities' content='ocr_page ocr_carea ocr_par ocr_line ocrx_word'/>
</head>
<body>
  <div class='ocr_page' id='page_1' title='image "./johannisclauber00claugoog_0472.png"; bbox 0 0 3391 4418; ppageno 0'>
   <div class='ocr_carea' id='block_1_1' title="bbox 605 122 2552 425">
    <p class='ocr_par' dir='ltr' id='par_1_1' title="bbox 605 122 2552 425">
     <span class='ocr_line' id='line_1_1' title="bbox 605 122 2552 271; baseline -0.001 -51"><span class='ocrx_word' id='word_1_1' title='bbox 605 172 767 271; x_wconf 77' lang='lat'>45²</span> <span class='ocrx_word' id='word_1_2' title='bbox 1073 122 2552 233; x_wconf 60' lang='lat' dir='ltr'>conmutata-Anum</span> 
     </span>
     <span class='ocr_line' id='line_1_2' title="bbox 1508 330 2157 425; baseline 0.005 -11"><span class='ocrx_word' id='word_1_3' title='bbox 1508 336 1591 425; x_wconf 90' lang='lat' dir='ltr'>C</span> <span class='ocrx_word' id='word_1_4' title='bbox 1648 357 1707 416; x_wconf 76' lang='lat' dir='ltr'>A</span> <span class='ocrx_word' id='word_1_5' title='bbox 1767 365 1838 420; x_wconf 69' lang='lat' dir='ltr'>r.</span> <span class='ocrx_word' id='word_1_6' title='bbox 1955 330 2157 419; x_wconf 89' lang='lat' dir='ltr'>LX.</span> 
     </span>
    </p>
   </div>
   <div class='ocr_carea' id='block_1_2' title="bbox 545 478 3084 2883">
    <p class='ocr_par' dir='ltr' id='par_1_2' title="bbox 625 478 3069 1271">
     <span class='ocr_line' id='line_1_3' title="bbox 930 478 2753 603; baseline -0.004 -27"><span class='ocrx_word' id='word_1_7' title='bbox 930 501 1117 582; x_wconf 60' lang='lat' dir='ltr'>usn</span> <span class='ocrx_word' id='word_1_8' title='bbox 1137 486 1338 574; x_wconf 84' lang='lat' dir='ltr'>homo</span> <span class='ocrx_word' id='word_1_9' title='bbox 1357 487 1589 603; x_wconf 59' lang='lat' dir='ltr'>megia·</span> <span class='ocrx_word' id='word_1_10' title='bbox 1615 489 1889 571; x_wconf 72' lang='lat' dir='ltr'>&#39;vivens</span> <span class='ocrx_word' id='word_1_11' title='bbox 1909 478 2331 596; x_wconf 58' lang='lat' dir='ltr'>aequbfacil}</span> <span class='ocrx_word' id='word_1_12' title='bbox 2351 481 2712 568; x_wconf 72' lang='lat' dir='ltr'>moriatur</span> <span class='ocrx_word' id='word_1_13' title='bbox 2724 535 2753 580; x_wconf 85' lang='lat'><strong>,</strong></span> 
     </span>
     <span class='ocr_line' id='line_1_4' title="bbox 1381 598 2282 716; baseline -0.001 -33"><span class='ocrx_word' id='word_1_14' title='bbox 1381 632 1464 683; x_wconf 75' lang='lat' dir='ltr'>ac</span> <span class='ocrx_word' id='word_1_15' title='bbox 1496 614 1555 684; x_wconf 75' lang='lat' dir='ltr'><em>is</em></span> <span class='ocrx_word' id='word_1_16' title='bbox 1582 657 1612 703; x_wconf 85' lang='lat'>,</span> <span class='ocrx_word' id='word_1_17' title='bbox 1641 607 1769 716; x_wconf 73' lang='lat' dir='ltr'>qui</span> <span class='ocrx_word' id='word_1_18' title='bbox 1790 598 2028 685; x_wconf 54' lang='lat' dir='ltr'>mimbs</span> <span class='ocrx_word' id='word_1_19' title='bbox 2049 604 2282 688; x_wconf 70' lang='lat' dir='ltr'>vivit.</span> 
     </span>
     <span class='ocr_line' id='line_1_5' title="bbox 630 754 3069 857; baseline -0.003 -18"><span class='ocrx_word' id='word_1_20' title='bbox 630 788 693 839; x_wconf 79' lang='grc' dir='ltr'>ι.</span> <span class='ocrx_word' id='word_1_21' title='bbox 922 762 1212 837; x_wconf 63' lang='lat' dir='ltr'>uantur</span> <span class='ocrx_word' id='word_1_22' title='bbox 1246 759 1486 845; x_wconf 87' lang='lat' dir='ltr'>etiam,</span> <span class='ocrx_word' id='word_1_23' title='bbox 1523 756 1823 857; x_wconf 88' lang='lat' dir='ltr'>nunquid</span> <span class='ocrx_word' id='word_1_24' title='bbox 1857 756 2074 829; x_wconf 87' lang='lat' dir='ltr'>homo</span> <span class='ocrx_word' id='word_1_25' title='bbox 2107 780 2193 828; x_wconf 88' lang='lat' dir='ltr'>eo</span> <span class='ocrx_word' id='word_1_26' title='bbox 2226 778 2531 857; x_wconf 82' lang='lat' dir='ltr'>tempore</span> <span class='ocrx_word' id='word_1_27' title='bbox 2571 762 2646 829; x_wconf 86' lang='lat'>&amp;</span> <span class='ocrx_word' id='word_1_28' title='bbox 2679 754 2888 836; x_wconf 82' lang='lat' dir='ltr'>statu,</span> <span class='ocrx_word' id='word_1_29' title='bbox 2924 782 3069 857; x_wconf 79' lang='lat' dir='ltr'>quo</span> 
     </span>
     <span class='ocr_line' id='line_1_6' title="bbox 928 853 3064 959; baseline -0.002 -23"><span class='ocrx_word' id='word_1_30' title='bbox 928 859 1143 936; x_wconf 69' lang='lat' dir='ltr'>minus</span> <span class='ocrx_word' id='word_1_31' title='bbox 1178 856 1395 930; x_wconf 87' lang='lat' dir='ltr'>homo</span> <span class='ocrx_word' id='word_1_32' title='bbox 1426 858 1523 931; x_wconf 90' lang='lat' dir='ltr'>est</span> <span class='ocrx_word' id='word_1_33' title='bbox 1557 861 1662 931; x_wconf 81' lang='lat' dir='ltr'>vel</span> <span class='ocrx_word' id='word_1_34' title='bbox 1682 860 1899 932; x_wconf 74' lang='lat' dir='ltr'>minus</span> <span class='ocrx_word' id='word_1_35' title='bbox 1918 859 2080 931; x_wconf 82' lang='lat' dir='ltr'>vivit</span> <span class='ocrx_word' id='word_1_36' title='bbox 2100 907 2121 935; x_wconf 84' lang='lat'>‚</span> <span class='ocrx_word' id='word_1_37' title='bbox 2155 883 2253 930; x_wconf 87' lang='lat' dir='ltr'>ex.</span> <span class='ocrx_word' id='word_1_38' title='bbox 2274 884 2375 959; x_wconf 84' lang='lat' dir='ltr'>gr.</span> <span class='ocrx_word' id='word_1_39' title='bbox 2395 853 2648 945; x_wconf 78' lang='lat' dir='ltr'>infans,</span> <span class='ocrx_word' id='word_1_40' title='bbox 2683 856 3064 953; x_wconf 83' lang='lat' dir='ltr'>dormiens,</span> 
     </span>
     <span class='ocr_line' id='line_1_7' title="bbox 625 954 3065 1058; baseline -0.002 -20"><span class='ocrx_word' id='word_1_41' title='bbox 625 964 847 1039; x_wconf 82' lang='lat' dir='ltr'>fatuus</span> <span class='ocrx_word' id='word_1_42' title='bbox 865 1017 889 1050; x_wconf 89' lang='lat'><strong>,</strong></span> <span class='ocrx_word' id='word_1_43' title='bbox 928 961 1159 1035; x_wconf 62' lang='lat' dir='ltr'>natura</span> <span class='ocrx_word' id='word_1_44' title='bbox 1179 959 1389 1032; x_wconf 81' lang='lat' dir='ltr'>servus</span> <span class='ocrx_word' id='word_1_45' title='bbox 1407 1008 1430 1046; x_wconf 87' lang='lat'>‚</span> <span class='ocrx_word' id='word_1_46' title='bbox 1467 956 1720 1034; x_wconf 74' lang='lat' dir='ltr'>facilius</span> <span class='ocrx_word' id='word_1_47' title='bbox 1752 962 1789 1033; x_wconf 82' lang='grc' dir='ltr'>ὲ</span> <span class='ocrx_word' id='word_1_48' title='bbox 1819 956 2049 1031; x_wconf 89' lang='lat' dir='ltr'>medio</span> <span class='ocrx_word' id='word_1_49' title='bbox 2082 956 2224 1028; x_wconf 88' lang='lat' dir='ltr'>tolli</span> <span class='ocrx_word' id='word_1_50' title='bbox 2244 954 2484 1058; x_wconf 70' lang='lat' dir='ltr'>puffit2</span> <span class='ocrx_word' id='word_1_51' title='bbox 2513 961 2717 1055; x_wconf 65' lang='lat' dir='ltr'>quim</span> <span class='ocrx_word' id='word_1_52' title='bbox 2737 957 2957 1032; x_wconf 86' lang='lat' dir='ltr'>homo</span> <span class='ocrx_word' id='word_1_53' title='bbox 2975 986 3065 1032; x_wconf 85' lang='lat' dir='ltr'>eo</span> 
     </span>
     <span class='ocr_line' id='line_1_8' title="bbox 626 1056 3062 1163; baseline -0.002 -27"><span class='ocrx_word' id='word_1_54' title='bbox 626 1090 764 1141; x_wconf 86' lang='lat' dir='ltr'>tem</span> <span class='ocrx_word' id='word_1_55' title='bbox 819 1090 933 1137; x_wconf 86' lang='lat' dir='ltr'>ote</span> <span class='ocrx_word' id='word_1_56' title='bbox 969 1072 1041 1138; x_wconf 87' lang='lat'>&amp;</span> <span class='ocrx_word' id='word_1_57' title='bbox 1063 1064 1227 1135; x_wconf 88' lang='lat' dir='ltr'>statu</span> <span class='ocrx_word' id='word_1_58' title='bbox 1249 1113 1272 1148; x_wconf 87' lang='lat'>,</span> <span class='ocrx_word' id='word_1_59' title='bbox 1310 1086 1448 1160; x_wconf 91' lang='lat' dir='ltr'>quo</span> <span class='ocrx_word' id='word_1_60' title='bbox 1469 1067 1676 1163; x_wconf 84' lang='lat' dir='ltr'>magis</span> <span class='ocrx_word' id='word_1_61' title='bbox 1695 1066 1891 1140; x_wconf 82' lang='lat' dir='ltr'>vivit,</span> <span class='ocrx_word' id='word_1_62' title='bbox 1929 1062 2023 1132; x_wconf 90' lang='lat' dir='ltr'>uti</span> <span class='ocrx_word' id='word_1_63' title='bbox 2043 1056 2337 1142; x_wconf 70' lang='lat' dir='ltr'>adustus,</span> <span class='ocrx_word' id='word_1_64' title='bbox 2381 1059 2693 1159; x_wconf 76' lang='lat' dir='ltr'>vigilans,</span> <span class='ocrx_word' id='word_1_65' title='bbox 2723 1059 2959 1134; x_wconf 63' lang='lat' dir='ltr'>doetus</span> <span class='ocrx_word' id='word_1_66' title='bbox 2975 1085 3062 1132; x_wconf 82' lang='lat' dir='ltr'>ac</span> 
     </span>
     <span class='ocr_line' id='line_1_9' title="bbox 625 1158 2528 1271; baseline -0.004 -31"><span class='ocrx_word' id='word_1_67' title='bbox 625 1191 751 1271; x_wconf 84' lang='lat' dir='ltr'>pru</span> <span class='ocrx_word' id='word_1_68' title='bbox 803 1190 958 1251; x_wconf 77' lang='lat' dir='ltr'>ens,</span> <span class='ocrx_word' id='word_1_69' title='bbox 996 1158 1343 1267; x_wconf 84' lang='lat' dir='ltr'>generosus</span> <span class='ocrx_word' id='word_1_70' title='bbox 1369 1169 1786 1265; x_wconf 75' lang='lat' dir='ltr'>imperator?</span> <span class='ocrx_word' id='word_1_71' title='bbox 1821 1160 1995 1235; x_wconf 89' lang='lat' dir='ltr'>Vide</span> <span class='ocrx_word' id='word_1_72' title='bbox 2016 1164 2528 1260; x_wconf 84' lang='lat' dir='ltr'>cap.xxxvu.</span> 
     </span>
    </p>

    <p class='ocr_par' dir='ltr' id='par_1_3' title="bbox 545 1258 3071 1675">
     <span class='ocr_line' id='line_1_10' title="bbox 732 1258 3063 1365; baseline -0.001 -26"><span class='ocrx_word' id='word_1_73' title='bbox 732 1293 797 1342; x_wconf 87' lang='lat'>2.</span> <span class='ocrx_word' id='word_1_74' title='bbox 849 1266 1012 1362; x_wconf 76' lang='lat' dir='ltr'>Resp.</span> <span class='ocrx_word' id='word_1_75' title='bbox 1035 1270 1217 1365; x_wconf 66' lang='lat' dir='ltr'>Quia</span> <span class='ocrx_word' id='word_1_76' title='bbox 1236 1289 1375 1336; x_wconf 88' lang='lat' dir='ltr'>nou</span> <span class='ocrx_word' id='word_1_77' title='bbox 1398 1289 1476 1335; x_wconf 83' lang='lat' dir='ltr'>ex</span> <span class='ocrx_word' id='word_1_78' title='bbox 1507 1267 1752 1349; x_wconf 87' lang='lat' dir='ltr'>animi,</span> <span class='ocrx_word' id='word_1_79' title='bbox 1791 1289 1935 1362; x_wconf 86' lang='lat' dir='ltr'>quae</span> <span class='ocrx_word' id='word_1_80' title='bbox 1956 1258 2065 1332; x_wconf 88' lang='lat' dir='ltr'>hic</span> <span class='ocrx_word' id='word_1_81' title='bbox 2086 1260 2264 1331; x_wconf 89' lang='lat' dir='ltr'>nulla</span> <span class='ocrx_word' id='word_1_82' title='bbox 2286 1261 2515 1333; x_wconf 90' lang='lat' dir='ltr'>locum</span> <span class='ocrx_word' id='word_1_83' title='bbox 2534 1264 2788 1335; x_wconf 86' lang='lat' dir='ltr'>invenit</span> <span class='ocrx_word' id='word_1_84' title='bbox 2803 1314 2825 1349; x_wconf 89' lang='lat'>,</span> <span class='ocrx_word' id='word_1_85' title='bbox 2855 1258 2961 1333; x_wconf 84' lang='lat' dir='ltr'>sed</span> <span class='ocrx_word' id='word_1_86' title='bbox 2978 1286 3063 1336; x_wconf 81' lang='lat' dir='ltr'>ex</span> 
     </span>
     <span class='ocr_line' id='line_1_11' title="bbox 631 1359 3069 1468; baseline -0.001 -28"><span class='ocrx_word' id='word_1_87' title='bbox 631 1370 936 1468; x_wconf 76' lang='lat' dir='ltr'>eorporis</span> <span class='ocrx_word' id='word_1_88' title='bbox 970 1369 1400 1467; x_wconf 84' lang='lat' dir='ltr'><strong>corruptione</strong></span> <span class='ocrx_word' id='word_1_89' title='bbox 1428 1391 1610 1438; x_wconf 84' lang='lat' dir='ltr'>mors</span> <span class='ocrx_word' id='word_1_90' title='bbox 1644 1362 1969 1462; x_wconf 78' lang='lat' dir='ltr'>sequitur,</span> <span class='ocrx_word' id='word_1_91' title='bbox 2011 1359 2058 1432; x_wconf 87' lang='lat' dir='ltr'><strong>fi</strong></span> <span class='ocrx_word' id='word_1_92' title='bbox 2089 1363 2559 1434; x_wconf 87' lang='lat' dir='ltr'>tantummodo</span> <span class='ocrx_word' id='word_1_93' title='bbox 2593 1361 2886 1435; x_wconf 77' lang='lat' dir='ltr'>vitalium</span> <span class='ocrx_word' id='word_1_94' title='bbox 2921 1361 3069 1437; x_wconf 86' lang='lat' dir='ltr'>fun-</span> 
     </span>
     <span class='ocr_line' id='line_1_12' title="bbox 630 1460 3067 1564; baseline -0.002 -22"><span class='ocrx_word' id='word_1_95' title='bbox 630 1471 933 1542; x_wconf 69' lang='lat' dir='ltr'>&amp;ionum</span> <span class='ocrx_word' id='word_1_96' title='bbox 1025 1470 1188 1537; x_wconf 86' lang='lat' dir='ltr'>rinei</span> <span class='ocrx_word' id='word_1_97' title='bbox 1235 1470 1373 1539; x_wconf 87' lang='lat' dir='ltr'>ium</span> <span class='ocrx_word' id='word_1_98' title='bbox 1409 1472 1674 1541; x_wconf 86' lang='lat' dir='ltr'>unicum</span> <span class='ocrx_word' id='word_1_99' title='bbox 1704 1464 1808 1539; x_wconf 85' lang='lat' dir='ltr'>vel</span> <span class='ocrx_word' id='word_1_100' title='bbox 1840 1468 2030 1537; x_wconf 85' lang='lat' dir='ltr'>unica</span> <span class='ocrx_word' id='word_1_101' title='bbox 2064 1487 2213 1563; x_wconf 84' lang='lat' dir='ltr'>pars</span> <span class='ocrx_word' id='word_1_102' title='bbox 2299 1460 2627 1564; x_wconf 82' lang='lat' dir='ltr'>tincipalis</span> <span class='ocrx_word' id='word_1_103' title='bbox 2666 1461 3067 1555; x_wconf 77' lang='lat' dir='ltr'>destruatur,</span> 
     </span>
     <span class='ocr_line' id='line_1_13' title="bbox 545 1560 3071 1675; baseline 0.002 -40"><span class='ocrx_word' id='word_1_104' title='bbox 545 1632 550 1635; x_wconf 74' lang='grc'>,</span> <span class='ocrx_word' id='word_1_105' title='bbox 633 1566 824 1668; x_wconf 70' lang='lat' dir='ltr'>aeque</span> <span class='ocrx_word' id='word_1_106' title='bbox 851 1563 977 1639; x_wconf 83' lang='lat' dir='ltr'>faci</span> <span class='ocrx_word' id='word_1_107' title='bbox 1004 1567 1043 1640; x_wconf 78' lang='grc' dir='ltr'>ὲ</span> <span class='ocrx_word' id='word_1_108' title='bbox 1078 1592 1193 1640; x_wconf 88' lang='lat' dir='ltr'>mu</span> <span class='ocrx_word' id='word_1_109' title='bbox 1220 1590 1288 1640; x_wconf 86' lang='lat' dir='ltr'>ta</span> <span class='ocrx_word' id='word_1_110' title='bbox 1320 1565 1521 1670; x_wconf 66' lang='lat' dir='ltr'>quam</span> <span class='ocrx_word' id='word_1_111' title='bbox 1553 1591 1765 1672; x_wconf 84' lang='lat' dir='ltr'>pauca</span> <span class='ocrx_word' id='word_1_112' title='bbox 1803 1563 1957 1638; x_wconf 86' lang='lat' dir='ltr'>inde</span> <span class='ocrx_word' id='word_1_113' title='bbox 1996 1562 2214 1664; x_wconf 86' lang='lat' dir='ltr'>depen</span> <span class='ocrx_word' id='word_1_114' title='bbox 2264 1568 2440 1635; x_wconf 80' lang='lat' dir='ltr'>entia</span> <span class='ocrx_word' id='word_1_115' title='bbox 2457 1587 2754 1666; x_wconf 84' lang='lat' dir='ltr'>pereunt.</span> <span class='ocrx_word' id='word_1_116' title='bbox 2786 1560 3071 1675; x_wconf 77' lang='lat' dir='ltr'>Confer</span> 
     </span>
    </p>

    <p class='ocr_par' dir='ltr' id='par_1_4' title="bbox 634 1671 2929 1745">
     <span class='ocr_line' id='line_1_14' title="bbox 634 1671 2929 1745; baseline -0.002 0"><span class='ocrx_word' id='word_1_117' title='bbox 634 1696 710 1745; x_wconf 84' lang='lat' dir='ltr'>ca</span> <span class='ocrx_word' id='word_1_118' title='bbox 762 1721 781 1745; x_wconf 86' lang='lat'><strong>.</strong></span> <span class='ocrx_word' id='word_1_119' title='bbox 805 1671 884 1744; x_wconf 81' lang='lat'>1..</span> <span class='ocrx_word' id='word_1_120' title='bbox 908 1673 975 1741; x_wconf 88' lang='lat'>8.</span> <span class='ocrx_word' id='word_1_121' title='bbox 2002 1682 2007 1687; x_wconf 79' lang='grc'><strong>’</strong></span> <span class='ocrx_word' id='word_1_122' title='bbox 2302 1688 2305 1693; x_wconf 85' lang='grc'><strong><em>·</em></strong></span> <span class='ocrx_word' id='word_1_123' title='bbox 2926 1694 2929 1699; x_wconf 52' lang='lat'><em>&#39;</em></span> 
     </span>
    </p>

    <p class='ocr_par' dir='ltr' id='par_1_5' title="bbox 632 1692 3081 2342">
     <span class='ocr_line' id='line_1_15' title="bbox 708 1692 3074 1869; baseline -0 -24"><span class='ocrx_word' id='word_1_124' title='bbox 708 1692 806 1865; x_wconf 73' lang='lat' dir='ltr'>P3.</span> <span class='ocrx_word' id='word_1_125' title='bbox 860 1766 1067 1844; x_wconf 85' lang='lat' dir='ltr'>Sicuti</span> <span class='ocrx_word' id='word_1_126' title='bbox 1105 1763 1444 1859; x_wconf 89' lang='lat' dir='ltr'>funiculo,</span> <span class='ocrx_word' id='word_1_127' title='bbox 1478 1776 1596 1868; x_wconf 91' lang='lat' dir='ltr'>qui</span> <span class='ocrx_word' id='word_1_128' title='bbox 1629 1766 1870 1844; x_wconf 87' lang='lat' dir='ltr'>alicubi</span> <span class='ocrx_word' id='word_1_129' title='bbox 1910 1758 2231 1869; x_wconf 80' lang='lat' dir='ltr'>suspensus</span> <span class='ocrx_word' id='word_1_130' title='bbox 2265 1787 2441 1854; x_wconf 87' lang='lat' dir='ltr'>erat,</span> <span class='ocrx_word' id='word_1_131' title='bbox 2478 1764 2747 1841; x_wconf 80' lang='lat' dir='ltr'>absciffo</span> <span class='ocrx_word' id='word_1_132' title='bbox 2781 1765 2970 1841; x_wconf 84' lang='lat' dir='ltr'>fimul</span> <span class='ocrx_word' id='word_1_133' title='bbox 3001 1776 3074 1845; x_wconf 77' lang='grc' dir='ltr'>δε</span> 
     </span>
     <span class='ocr_line' id='line_1_16' title="bbox 633 1861 3072 1970; baseline -0 -25"><span class='ocrx_word' id='word_1_134' title='bbox 633 1867 833 1945; x_wconf 89' lang='lat' dir='ltr'>semel</span> <span class='ocrx_word' id='word_1_135' title='bbox 871 1868 1122 1943; x_wconf 86' lang='lat' dir='ltr'>cadunt</span> <span class='ocrx_word' id='word_1_136' title='bbox 1162 1876 1424 1957; x_wconf 86' lang='lat' dir='ltr'>omnia,</span> <span class='ocrx_word' id='word_1_137' title='bbox 1455 1868 1560 1942; x_wconf 89' lang='lat' dir='ltr'>seu</span> <span class='ocrx_word' id='word_1_138' title='bbox 1579 1896 1790 1970; x_wconf 84' lang='lat' dir='ltr'>pauca</span> <span class='ocrx_word' id='word_1_139' title='bbox 1818 1867 1923 1941; x_wconf 91' lang='lat' dir='ltr'>seu</span> <span class='ocrx_word' id='word_1_140' title='bbox 1946 1863 2151 1940; x_wconf 90' lang='lat' dir='ltr'>multa</span> <span class='ocrx_word' id='word_1_141' title='bbox 2169 1861 2453 1944; x_wconf 82' lang='lat' dir='ltr'>fuerint,</span> <span class='ocrx_word' id='word_1_142' title='bbox 2485 1865 2766 1969; x_wconf 81' lang='lat' dir='ltr'>quaeipfi</span> <span class='ocrx_word' id='word_1_143' title='bbox 2783 1869 3072 1968; x_wconf 83' lang='lat' dir='ltr'>alligata.</span> 
     </span>
     <span class='ocr_line' id='line_1_17' title="bbox 633 1963 3078 2071; baseline 0.002 -30"><span class='ocrx_word' id='word_1_144' title='bbox 633 1971 791 2042; x_wconf 85' lang='lat' dir='ltr'>Nee</span> <span class='ocrx_word' id='word_1_145' title='bbox 821 1966 1059 2052; x_wconf 85' lang='lat' dir='ltr'>refert,</span> <span class='ocrx_word' id='word_1_146' title='bbox 1088 1993 1171 2038; x_wconf 87' lang='lat' dir='ltr'>an</span> <span class='ocrx_word' id='word_1_147' title='bbox 1209 1968 1442 2042; x_wconf 72' lang='lat' dir='ltr'>fortius</span> <span class='ocrx_word' id='word_1_148' title='bbox 1473 1969 1734 2071; x_wconf 85' lang='lat' dir='ltr'>alligata</span> <span class='ocrx_word' id='word_1_149' title='bbox 1753 1969 1872 2042; x_wconf 80' lang='lat' dir='ltr'>fint</span> <span class='ocrx_word' id='word_1_150' title='bbox 1893 2021 1915 2053; x_wconf 91' lang='lat'><strong>,</strong></span> <span class='ocrx_word' id='word_1_151' title='bbox 1948 1994 2030 2039; x_wconf 89' lang='lat' dir='ltr'>an</span> <span class='ocrx_word' id='word_1_152' title='bbox 2052 1963 2559 2067; x_wconf 84' lang='lat' dir='ltr'>minusfottiter.</span> <span class='ocrx_word' id='word_1_153' title='bbox 2612 1972 2854 2068; x_wconf 76' lang='lat' dir='ltr'>Etpari</span> <span class='ocrx_word' id='word_1_154' title='bbox 2876 1977 3078 2045; x_wconf 80' lang='lat' dir='ltr'>ratio·</span> 
     </span>
     <span class='ocr_line' id='line_1_18' title="bbox 634 2063 3081 2171; baseline 0.001 -30"><span class='ocrx_word' id='word_1_155' title='bbox 634 2093 721 2141; x_wconf 92' lang='lat' dir='ltr'>ne</span> <span class='ocrx_word' id='word_1_156' title='bbox 741 2120 766 2156; x_wconf 86' lang='lat'>,</span> <span class='ocrx_word' id='word_1_157' title='bbox 804 2063 1182 2139; x_wconf 86' lang='lat' dir='ltr'>dummodo</span> <span class='ocrx_word' id='word_1_158' title='bbox 1205 2094 1355 2168; x_wconf 82' lang='lat' dir='ltr'>pars</span> <span class='ocrx_word' id='word_1_159' title='bbox 1390 2074 1694 2169; x_wconf 77' lang='lat' dir='ltr'>corporis</span> <span class='ocrx_word' id='word_1_160' title='bbox 1731 2067 2108 2171; x_wconf 82' lang='lat' dir='ltr'>principalis</span> <span class='ocrx_word' id='word_1_161' title='bbox 2125 2068 2340 2167; x_wconf 85' lang='lat' dir='ltr'>aliqua</span> <span class='ocrx_word' id='word_1_162' title='bbox 2361 2066 2748 2151; x_wconf 72' lang='lat' dir='ltr'>destruatur,</span> <span class='ocrx_word' id='word_1_163' title='bbox 2776 2073 3081 2144; x_wconf 77' lang='lat' dir='ltr'>moritur</span> 
     </span>
     <span class='ocr_line' id='line_1_19' title="bbox 632 2160 3081 2273; baseline 0.002 -33"><span class='ocrx_word' id='word_1_164' title='bbox 632 2169 851 2258; x_wconf 87' lang='lat' dir='ltr'>homo</span> <span class='ocrx_word' id='word_1_165' title='bbox 870 2209 897 2244; x_wconf 84' lang='lat'>,</span> <span class='ocrx_word' id='word_1_166' title='bbox 935 2161 1064 2235; x_wconf 84' lang='lat' dir='ltr'>five</span> <span class='ocrx_word' id='word_1_167' title='bbox 1109 2170 1410 2273; x_wconf 81' lang='lat' dir='ltr'>corporis</span> <span class='ocrx_word' id='word_1_168' title='bbox 1442 2174 1777 2269; x_wconf 84' lang='lat' dir='ltr'>animique</span> <span class='ocrx_word' id='word_1_169' title='bbox 1798 2166 2171 2244; x_wconf 62' lang='lat' dir='ltr'>functiones</span> <span class='ocrx_word' id='word_1_170' title='bbox 2188 2163 2490 2244; x_wconf 74' lang='lat' dir='ltr'>intensius</span> <span class='ocrx_word' id='word_1_171' title='bbox 2507 2160 2632 2242; x_wconf 80' lang='lat' dir='ltr'>five</span> <span class='ocrx_word' id='word_1_172' title='bbox 2648 2164 2977 2244; x_wconf 78' lang='lat' dir='ltr'>temiffius</span> <span class='ocrx_word' id='word_1_173' title='bbox 3002 2173 3081 2266; x_wconf 78' lang='lat' dir='ltr'>in</span> 
     </span>
     <span class='ocr_line' id='line_1_20' title="bbox 637 2287 2611 2342; baseline -0.001 0"><span class='ocrx_word' id='word_1_174' title='bbox 637 2287 727 2342; x_wconf 86' lang='lat' dir='ltr'>eo</span> <span class='ocrx_word' id='word_1_175' title='bbox 757 2288 1171 2341; x_wconf 83' lang='lat' dir='ltr'>concurrant.</span> <span class='ocrx_word' id='word_1_176' title='bbox 2287 2291 2297 2298; x_wconf 83' lang='lat'><strong>·</strong></span> <span class='ocrx_word' id='word_1_177' title='bbox 2606 2299 2611 2306; x_wconf 54' lang='lat'><strong><em>⁴</em></strong></span> 
     </span>
    </p>

    <p class='ocr_par' dir='ltr' id='par_1_6' title="bbox 633 2369 3084 2677">
     <span class='ocr_line' id='line_1_21' title="bbox 733 2369 3082 2476; baseline 0.003 -36"><span class='ocrx_word' id='word_1_178' title='bbox 733 2397 808 2463; x_wconf 84' lang='lat'>4.</span> <span class='ocrx_word' id='word_1_179' title='bbox 863 2370 1148 2443; x_wconf 72' lang='lat' dir='ltr'>Minime</span> <span class='ocrx_word' id='word_1_180' title='bbox 1177 2374 1438 2445; x_wconf 79' lang='lat' dir='ltr'>interim</span> <span class='ocrx_word' id='word_1_181' title='bbox 1468 2397 1818 2474; x_wconf 83' lang='lat' dir='ltr'>negamus,</span> <span class='ocrx_word' id='word_1_182' title='bbox 1856 2380 2020 2476; x_wconf 88' lang='lat' dir='ltr'>quin</span> <span class='ocrx_word' id='word_1_183' title='bbox 2059 2372 2276 2448; x_wconf 86' lang='lat' dir='ltr'>homo</span> <span class='ocrx_word' id='word_1_184' title='bbox 2310 2396 2593 2476; x_wconf 80' lang='lat' dir='ltr'>corpote</span> <span class='ocrx_word' id='word_1_185' title='bbox 2622 2369 2938 2448; x_wconf 84' lang='lat' dir='ltr'>valido&amp;</span> <span class='ocrx_word' id='word_1_186' title='bbox 2960 2397 3082 2446; x_wconf 82' lang='lat' dir='ltr'>to·</span> 
     </span>
     <span class='ocr_line' id='line_1_22' title="bbox 636 2467 3076 2578; baseline 0.002 -33"><span class='ocrx_word' id='word_1_187' title='bbox 636 2467 833 2545; x_wconf 86' lang='lat' dir='ltr'>busto</span> <span class='ocrx_word' id='word_1_188' title='bbox 879 2468 916 2544; x_wconf 66' lang='lat' dir='ltr'>a</span> <span class='ocrx_word' id='word_1_189' title='bbox 945 2485 1194 2552; x_wconf 81' lang='lat' dir='ltr'>&#39;natura</span> <span class='ocrx_word' id='word_1_190' title='bbox 1228 2473 1513 2547; x_wconf 83' lang='lat' dir='ltr'>donatus</span> <span class='ocrx_word' id='word_1_191' title='bbox 1544 2474 1732 2578; x_wconf 86' lang='lat' dir='ltr'>plura</span> <span class='ocrx_word' id='word_1_192' title='bbox 1767 2475 2031 2550; x_wconf 86' lang='lat' dir='ltr'>adversa</span> <span class='ocrx_word' id='word_1_193' title='bbox 2070 2472 2370 2548; x_wconf 83' lang='lat' dir='ltr'>sustinere</span> <span class='ocrx_word' id='word_1_194' title='bbox 2457 2471 2609 2548; x_wconf 86' lang='lat' dir='ltr'>offit</span> <span class='ocrx_word' id='word_1_195' title='bbox 2635 2527 2661 2560; x_wconf 88' lang='lat'>‚</span> <span class='ocrx_word' id='word_1_196' title='bbox 2713 2499 3076 2576; x_wconf 77' lang='lat' dir='ltr'>antequam</span> 
     </span>
     <span class='ocr_line' id='line_1_23' title="bbox 633 2572 3084 2677; baseline 0.002 -31"><span class='ocrx_word' id='word_1_197' title='bbox 633 2594 856 2646; x_wconf 80' lang='lat' dir='ltr'>morte</span> <span class='ocrx_word' id='word_1_198' title='bbox 884 2572 1161 2646; x_wconf 85' lang='lat' dir='ltr'>naturali</span> <span class='ocrx_word' id='word_1_199' title='bbox 1188 2599 1304 2651; x_wconf 88' lang='lat' dir='ltr'>aut</span> <span class='ocrx_word' id='word_1_200' title='bbox 1333 2572 1623 2651; x_wconf 63' lang='lat' dir='ltr'>violenti</span> <span class='ocrx_word' id='word_1_201' title='bbox 1642 2578 1836 2653; x_wconf 84' lang='lat' dir='ltr'>exstin</span> <span class='ocrx_word' id='word_1_202' title='bbox 1930 2601 2104 2664; x_wconf 86' lang='lat' dir='ltr'>atur,</span> <span class='ocrx_word' id='word_1_203' title='bbox 2137 2576 2335 2676; x_wconf 64' lang='lat' dir='ltr'>quam</span> <span class='ocrx_word' id='word_1_204' title='bbox 2435 2581 2527 2650; x_wconf 82' lang='lat' dir='ltr'>&#39;us</span> <span class='ocrx_word' id='word_1_205' title='bbox 2545 2573 2911 2677; x_wconf 77' lang='lat' dir='ltr'>infirmiore</span> <span class='ocrx_word' id='word_1_206' title='bbox 2929 2602 3084 2651; x_wconf 82' lang='lat' dir='ltr'>cor-</span> 
     </span>
    </p>

    <p class='ocr_par' dir='ltr' id='par_1_7' title="bbox 633 2604 3081 2883">
     <span class='ocr_line' id='line_1_24' title="bbox 686 2604 3076 2782; baseline 0.001 -34"><span class='ocrx_word' id='word_1_207' title='bbox 686 2699 802 2748; x_wconf 83' lang='lat' dir='ltr'>ote</span> <span class='ocrx_word' id='word_1_208' title='bbox 834 2672 1166 2774; x_wconf 79' lang='lat' dir='ltr'>ptaeditus.</span> <span class='ocrx_word' id='word_1_209' title='bbox 1229 2683 1313 2751; x_wconf 84' lang='lat' dir='ltr'>Et</span> <span class='ocrx_word' id='word_1_210' title='bbox 1347 2674 1457 2749; x_wconf 80' lang='lat' dir='ltr'>hic</span> <span class='ocrx_word' id='word_1_211' title='bbox 1495 2686 1718 2751; x_wconf 84' lang='lat' dir='ltr'>tamen</span> <span class='ocrx_word' id='word_1_212' title='bbox 1744 2604 2002 2782; x_wconf 48' lang='lat' dir='ltr'>infffssa</span> <span class='ocrx_word' id='word_1_213' title='bbox 2019 2675 2492 2780; x_wconf 76' lang='lat' dir='ltr'>cogitandum,</span> <span class='ocrx_word' id='word_1_214' title='bbox 2524 2675 2699 2752; x_wconf 87' lang='lat' dir='ltr'>aliud</span> <span class='ocrx_word' id='word_1_215' title='bbox 2726 2675 2849 2752; x_wconf 78' lang='lat' dir='ltr'>effi:</span> <span class='ocrx_word' id='word_1_216' title='bbox 2871 2677 3076 2752; x_wconf 58' lang='lat' dir='ltr'>vitam</span> 
     </span>
     <span class='ocr_line' id='line_1_25' title="bbox 633 2698 3081 2883; baseline 0.003 -35"><span class='ocrx_word' id='word_1_217' title='bbox 633 2698 756 2848; x_wconf 57' lang='lat' dir='ltr'>l&#39;on</span> <span class='ocrx_word' id='word_1_218' title='bbox 841 2799 949 2855; x_wconf 86' lang='lat' dir='ltr'>m,</span> <span class='ocrx_word' id='word_1_219' title='bbox 984 2774 1164 2848; x_wconf 88' lang='lat' dir='ltr'>aliud</span> <span class='ocrx_word' id='word_1_220' title='bbox 1203 2784 1410 2852; x_wconf 86' lang='lat' dir='ltr'>vitam</span> <span class='ocrx_word' id='word_1_221' title='bbox 1444 2775 1697 2867; x_wconf 86' lang='lat' dir='ltr'>sanam,</span> <span class='ocrx_word' id='word_1_222' title='bbox 1732 2790 1914 2883; x_wconf 89' lang='lat' dir='ltr'>(qua</span> <span class='ocrx_word' id='word_1_223' title='bbox 1941 2779 2026 2854; x_wconf 88' lang='lat' dir='ltr'>de</span> <span class='ocrx_word' id='word_1_224' title='bbox 2051 2804 2119 2852; x_wconf 82' lang='lat' dir='ltr'>re</span> <span class='ocrx_word' id='word_1_225' title='bbox 2193 2779 2413 2873; x_wconf 88' lang='lat' dir='ltr'>ostea)</span> <span class='ocrx_word' id='word_1_226' title='bbox 2450 2775 2630 2853; x_wconf 87' lang='lat' dir='ltr'>unde</span> <span class='ocrx_word' id='word_1_227' title='bbox 2667 2786 2897 2856; x_wconf 84' lang='lat' dir='ltr'>Germ.</span> <span class='ocrx_word' id='word_1_228' title='bbox 2909 2804 3081 2883; x_wconf 83' lang='lat' dir='ltr'><strong>pro·</strong></span> 
     </span>
    </p>
   </div>
   <div class='ocr_carea' id='block_1_3' title="bbox 636 2872 2563 3149">
    <p class='ocr_par' dir='ltr' id='par_1_8' title="bbox 636 2872 2563 3149">
     <span class='ocr_line' id='line_1_26' title="bbox 636 2872 2421 2981; baseline -0.005 -17"><span class='ocrx_word' id='word_1_229' title='bbox 636 2898 753 2976; x_wconf 72' lang='lat' dir='ltr'>‚vet</span> <span class='ocrx_word' id='word_1_230' title='bbox 801 2879 975 2948; x_wconf 79' lang='lat' dir='ltr'>ium=</span> <span class='ocrx_word' id='word_1_231' title='bbox 1009 2872 1153 2960; x_wconf 59' lang='grc' dir='ltr'>ἴα(</span> <span class='ocrx_word' id='word_1_232' title='bbox 1177 2878 1507 2974; x_wconf 56' lang='lat' dir='ltr'>&amp;adnuet</span> <span class='ocrx_word' id='word_1_233' title='bbox 1532 2895 1754 2977; x_wconf 65' lang='lat' dir='ltr'>magen</span> <span class='ocrx_word' id='word_1_234' title='bbox 1782 2883 1970 2981; x_wconf 65' lang='lat' dir='ltr'>geben</span> <span class='ocrx_word' id='word_1_235' title='bbox 1985 2880 2136 2962; x_wconf 71' lang='lat' dir='ltr'>mut</span> <span class='ocrx_word' id='word_1_236' title='bbox 2183 2882 2421 2980; x_wconf 57' lang='lat' dir='ltr'>agnen.</span> 
     </span>
     <span class='ocr_line' id='line_1_27' title="bbox 1530 3033 2563 3149; baseline -0.003 -5"><span class='ocrx_word' id='word_1_237' title='bbox 1530 3058 1613 3144; x_wconf 86' lang='lat' dir='ltr'>c</span> <span class='ocrx_word' id='word_1_238' title='bbox 1669 3084 1726 3141; x_wconf 75' lang='lat' dir='ltr'>A</span> <span class='ocrx_word' id='word_1_239' title='bbox 1788 3089 1856 3145; x_wconf 72' lang='grc' dir='ltr'>ι».</span> <span class='ocrx_word' id='word_1_240' title='bbox 1973 3059 2046 3144; x_wconf 91' lang='lat' dir='ltr'>L</span> <span class='ocrx_word' id='word_1_241' title='bbox 2062 3058 2142 3149; x_wconf 87' lang='lat' dir='ltr'><strong>x</strong></span> <span class='ocrx_word' id='word_1_242' title='bbox 2161 3059 2227 3144; x_wconf 91' lang='lat'>1.</span> <span class='ocrx_word' id='word_1_243' title='bbox 2558 3033 2563 3036; x_wconf 81' lang='grc'><strong>’</strong></span> 
     </span>
    </p>
   </div>
   <div class='ocr_carea' id='block_1_4' title="bbox 924 3168 2799 3288">
    <p class='ocr_par' dir='ltr' id='par_1_9' title="bbox 924 3168 2799 3288">
     <span class='ocr_line' id='line_1_28' title="bbox 924 3168 2799 3288; baseline 0.004 -36"><span class='ocrx_word' id='word_1_244' title='bbox 924 3183 1130 3253; x_wconf 77' lang='lat' dir='ltr'>Num</span> <span class='ocrx_word' id='word_1_245' title='bbox 1145 3173 1615 3288; x_wconf 75' lang='lat' dir='ltr'>aninupossit</span> <span class='ocrx_word' id='word_1_246' title='bbox 1630 3170 1765 3285; x_wconf 78' lang='lat' dir='ltr'>effi</span> <span class='ocrx_word' id='word_1_247' title='bbox 1778 3178 1860 3256; x_wconf 82' lang='lat' dir='ltr'>in</span> <span class='ocrx_word' id='word_1_248' title='bbox 1875 3197 2156 3287; x_wconf 65' lang='lat' dir='ltr'>corpore</span> <span class='ocrx_word' id='word_1_249' title='bbox 2174 3168 2490 3257; x_wconf 76' lang='lat' dir='ltr'>hominis</span> <span class='ocrx_word' id='word_1_250' title='bbox 2502 3175 2799 3259; x_wconf 70' lang='lat' dir='ltr'>mortui.</span> 
     </span>
    </p>
   </div>
   <div class='ocr_carea' id='block_1_5' title="bbox 625 3345 3078 4160">
    <p class='ocr_par' dir='ltr' id='par_1_10' title="bbox 632 3345 3077 3723">
     <span class='ocr_line' id='line_1_29' title="bbox 648 3345 3077 3520; baseline 0.006 -106"><span class='ocrx_word' id='word_1_251' title='bbox 648 3368 710 3427; x_wconf 72' lang='grc' dir='ltr'>ι.</span> <span class='ocrx_word' id='word_1_252' title='bbox 734 3346 1113 3520; x_wconf 84' lang='lat' dir='ltr'>ATque</span> <span class='ocrx_word' id='word_1_253' title='bbox 1142 3346 1231 3418; x_wconf 89' lang='lat' dir='ltr'>ita</span> <span class='ocrx_word' id='word_1_254' title='bbox 1263 3345 1537 3445; x_wconf 87' lang='lat' dir='ltr'>quidem</span> <span class='ocrx_word' id='word_1_255' title='bbox 1579 3375 1705 3424; x_wconf 80' lang='lat' dir='ltr'>nos</span> <span class='ocrx_word' id='word_1_256' title='bbox 1742 3354 1976 3427; x_wconf 84' lang='lat' dir='ltr'>mortis</span> <span class='ocrx_word' id='word_1_257' title='bbox 2012 3351 2180 3426; x_wconf 84' lang='lat' dir='ltr'>illius</span> <span class='ocrx_word' id='word_1_258' title='bbox 2210 3395 2235 3431; x_wconf 76' lang='lat'>‚</span> <span class='ocrx_word' id='word_1_259' title='bbox 2281 3376 2412 3450; x_wconf 85' lang='lat' dir='ltr'>qua</span> <span class='ocrx_word' id='word_1_260' title='bbox 2438 3346 2674 3425; x_wconf 81' lang='lat' dir='ltr'>definit</span> <span class='ocrx_word' id='word_1_261' title='bbox 2705 3349 2829 3426; x_wconf 71' lang='lat' dir='ltr'>efle</span> <span class='ocrx_word' id='word_1_262' title='bbox 2857 3349 3077 3429; x_wconf 82' lang='lat' dir='ltr'>homo</span> 
     </span>
     <span class='ocr_line' id='line_1_30' title="bbox 916 3442 3077 3553; baseline 0.004 -34"><span class='ocrx_word' id='word_1_263' title='bbox 916 3442 1323 3547; x_wconf 74' lang='lat' dir='ltr'>compofitus</span> <span class='ocrx_word' id='word_1_264' title='bbox 1338 3491 1364 3525; x_wconf 73' lang='lat'><em>2</em></span> <span class='ocrx_word' id='word_1_265' title='bbox 1402 3472 1695 3525; x_wconf 85' lang='lat' dir='ltr'>naturam</span> <span class='ocrx_word' id='word_1_266' title='bbox 1738 3451 2130 3552; x_wconf 83' lang='lat' dir='ltr'>explicamus</span> <span class='ocrx_word' id='word_1_267' title='bbox 2147 3506 2171 3538; x_wconf 87' lang='lat'><strong>,</strong></span> <span class='ocrx_word' id='word_1_268' title='bbox 2214 3449 2811 3553; x_wconf 71' lang='lat' dir='ltr'>ac&#39;sepatationem</span> <span class='ocrx_word' id='word_1_269' title='bbox 2843 3460 3077 3527; x_wconf 80' lang='lat' dir='ltr'>anima:</span> 
     </span>
     <span class='ocr_line' id='line_1_31' title="bbox 632 3547 3076 3718; baseline 0.003 -97"><span class='ocrx_word' id='word_1_270' title='bbox 632 3553 1023 3718; x_wconf 45' lang='lat' dir='ltr'>t{tufini-potis</span> <span class='ocrx_word' id='word_1_271' title='bbox 1039 3547 1077 3619; x_wconf 66' lang='lat' dir='ltr'>a</span> <span class='ocrx_word' id='word_1_272' title='bbox 1099 3571 1349 3633; x_wconf 87' lang='lat' dir='ltr'>morte,</span> <span class='ocrx_word' id='word_1_273' title='bbox 1367 3572 1681 3651; x_wconf 82' lang='lat' dir='ltr'>tanquam</span> <span class='ocrx_word' id='word_1_274' title='bbox 1704 3577 1907 3655; x_wconf 86' lang='lat' dir='ltr'>genus</span> <span class='ocrx_word' id='word_1_275' title='bbox 1928 3553 1968 3627; x_wconf 63' lang='grc' dir='ltr'><strong>ἦ</strong></span> <span class='ocrx_word' id='word_1_276' title='bbox 1988 3548 2194 3655; x_wconf 82' lang='lat' dir='ltr'>specie</span> <span class='ocrx_word' id='word_1_277' title='bbox 2210 3607 2234 3640; x_wconf 88' lang='lat'><strong>,</strong></span> <span class='ocrx_word' id='word_1_278' title='bbox 2255 3549 2361 3625; x_wconf 74' lang='lat' dir='ltr'>seu</span> <span class='ocrx_word' id='word_1_279' title='bbox 2377 3555 2571 3626; x_wconf 81' lang='lat' dir='ltr'>latius</span> <span class='ocrx_word' id='word_1_280' title='bbox 2591 3550 2678 3625; x_wconf 85' lang='lat' dir='ltr'>ab</span> <span class='ocrx_word' id='word_1_281' title='bbox 2700 3555 3076 3658; x_wconf 83' lang='lat' dir='ltr'>angustiore</span> 
     </span>
     <span class='ocr_line' id='line_1_32' title="bbox 782 3673 1104 3723; baseline 0.012 -4"><span class='ocrx_word' id='word_1_282' title='bbox 782 3674 823 3719; x_wconf 93' lang='lat' dir='ltr'>n</span> <span class='ocrx_word' id='word_1_283' title='bbox 871 3673 1104 3723; x_wconf 79' lang='lat' dir='ltr'>nunus.</span> 
     </span>
    </p>

    <p class='ocr_par' dir='ltr' id='par_1_11' title="bbox 634 3675 3078 3960">
     <span class='ocr_line' id='line_1_33' title="bbox 738 3675 3078 3856; baseline 0.003 -38"><span class='ocrx_word' id='word_1_284' title='bbox 738 3675 1214 3827; x_wconf 72' lang='lat' dir='ltr'>2.‘gVideamus</span> <span class='ocrx_word' id='word_1_285' title='bbox 1239 3774 1499 3840; x_wconf 87' lang='lat' dir='ltr'>autem,</span> <span class='ocrx_word' id='word_1_286' title='bbox 1514 3769 1804 3852; x_wconf 82' lang='lat' dir='ltr'>quanam</span> <span class='ocrx_word' id='word_1_287' title='bbox 1825 3751 1932 3827; x_wconf 78' lang='lat' dir='ltr'>alii</span> <span class='ocrx_word' id='word_1_288' title='bbox 1953 3753 2154 3856; x_wconf 81' lang='lat' dir='ltr'>vulgo</span> <span class='ocrx_word' id='word_1_289' title='bbox 2174 3750 2612 3855; x_wconf 84' lang='lat' dir='ltr'>explicatione</span> <span class='ocrx_word' id='word_1_290' title='bbox 2633 3777 2919 3830; x_wconf 79' lang='lat' dir='ltr'>utantur.</span> <span class='ocrx_word' id='word_1_291' title='bbox 2951 3756 3078 3828; x_wconf 85' lang='lat' dir='ltr'>Se-</span> 
     </span>
     <span class='ocr_line' id='line_1_34' title="bbox 634 3847 3076 3960; baseline 0.007 -49"><span class='ocrx_word' id='word_1_292' title='bbox 634 3847 1048 3944; x_wconf 77' lang='lat' dir='ltr'>parationem</span> <span class='ocrx_word' id='word_1_293' title='bbox 1068 3850 1242 3925; x_wconf 86' lang='lat' dir='ltr'>illam</span> <span class='ocrx_word' id='word_1_294' title='bbox 1266 3907 1290 3941; x_wconf 87' lang='lat'>,</span> <span class='ocrx_word' id='word_1_295' title='bbox 1321 3860 1392 3925; x_wconf 91' lang='lat' dir='ltr'>in</span> <span class='ocrx_word' id='word_1_296' title='bbox 1461 3851 1543 3928; x_wconf 78' lang='lat' dir='ltr'>ua</span> <span class='ocrx_word' id='word_1_297' title='bbox 1566 3880 1747 3929; x_wconf 83' lang='lat' dir='ltr'>mors</span> <span class='ocrx_word' id='word_1_298' title='bbox 1765 3852 2050 3928; x_wconf 71' lang='lat' dir='ltr'>consistit</span> <span class='ocrx_word' id='word_1_299' title='bbox 2066 3908 2089 3941; x_wconf 86' lang='lat'><strong>,</strong></span> <span class='ocrx_word' id='word_1_300' title='bbox 2130 3877 2410 3928; x_wconf 88' lang='lat' dir='ltr'>monent</span> <span class='ocrx_word' id='word_1_301' title='bbox 2428 3854 2928 3960; x_wconf 83' lang='lat' dir='ltr'>intelligendam</span> <span class='ocrx_word' id='word_1_302' title='bbox 2946 3851 3076 3929; x_wconf 64' lang='lat' dir='ltr'>efle</span> 
     </span>
    </p>

    <p class='ocr_par' dir='ltr' id='par_1_12' title="bbox 625 3943 3070 4160">
     <span class='ocr_line' id='line_1_35' title="bbox 625 3943 2470 4058; baseline 0.008 -40"><span class='ocrx_word' id='word_1_303' title='bbox 625 3964 738 4017; x_wconf 77' lang='lat' dir='ltr'>uon</span> <span class='ocrx_word' id='word_1_304' title='bbox 754 3943 1117 4043; x_wconf 73' lang='lat' dir='ltr'>mimfim</span> <span class='ocrx_word' id='word_1_305' title='bbox 1133 3953 1207 4028; x_wconf 66' lang='lat'>&lt;³—</span> <span class='ocrx_word' id='word_1_306' title='bbox 1222 3955 1331 4024; x_wconf 71' lang='lat' dir='ltr'>locu·</span> <span class='ocrx_word' id='word_1_307' title='bbox 1345 4004 1368 4040; x_wconf 90' lang='lat'>,</span> <span class='ocrx_word' id='word_1_308' title='bbox 1424 3956 1495 4028; x_wconf 80' lang='lat' dir='ltr'>ed</span> <span class='ocrx_word' id='word_1_309' title='bbox 1516 3947 1741 4031; x_wconf 69' lang='lat' dir='ltr'>ratione</span> <span class='ocrx_word' id='word_1_310' title='bbox 1751 3957 2141 4058; x_wconf 62' lang='lat' dir='ltr'>conjunaionie</span> <span class='ocrx_word' id='word_1_311' title='bbox 2148 3957 2470 4054; x_wconf 73' lang='lat' dir='ltr'>personalis.</span> 
     </span>
     <span class='ocr_line' id='line_1_36' title="bbox 2809 4067 3070 4160; baseline -0.004 -28"><span class='ocrx_word' id='word_1_312' title='bbox 2809 4085 2877 4160; x_wconf 81' lang='lat'>3.</span> <span class='ocrx_word' id='word_1_313' title='bbox 2901 4067 3070 4132; x_wconf 71' lang='lat' dir='ltr'>Nm</span> 
     </span>
    </p>
   </div>
  </div>
 </body>
</html>
