3391 4418
896 97 2166 186 Contio-acra,
2674 134 2775 214 ²5

410 232 411 235 ’
462 241 496 310 3
519 223 630 304 36.
684 210 993 311 Cumque
1022 209 1199 315 ligna
1231 265 1254 301 ,
1312 212 1566 314 gladios
1600 223 1672 289 δε
1720 213 1947 291 fimilia
1985 214 2180 288 semel
2225 214 2458 289 inflexa
2499 243 2657 292 mox
2692 220 2783 294 ad

359 323 658 419 priorem
680 307 953 410 figuram
971 311 1203 413 sponte
1225 310 1403 412 quali
1417 315 1631 387 redire
1647 313 1989 389 videamus
2011 367 2035 403 ‚
2065 315 2136 387 id
2150 321 2378 416 ptimae
2392 319 2663 393 Naturae
2683 317 2778 392 le-

360 423 428 518 gi
456 409 713 515 prorsus
739 406 1162 515 repugnaret,
1195 416 1251 505 §.
1284 439 1356 508 ¹5
1375 441 1433 486 2.
1471 421 1630 491 180.
1679 412 1799 486 nisi
1835 442 1952 515 per
1983 441 2217 490 eorum
2254 434 2461 517 poro‘s
2490 442 2778 496 curreret

354 519 635 589 materia
648 566 669 601 ‚
698 524 844 609 quae‘
858 518 1204 588 incurvatis
1218 513 1493 616 figuram
1509 514 1841 617 pristinam
1860 516 2234 590 restitueret.

471 640 632 711 337.
682 613 836 685 Nos
865 620 1058 718 igitur
1087 610 1409 711 ejusmodi
1438 613 1711 689 absurda
1749 622 2062 689 evitantes
2092 670 2116 705 ,
2161 621 2515 691 Materiam
2552 640 2773 694 totam

358 714 580 817 primo
614 711 881 811 quidem
913 736 987 787 ut
1014 712 1357 787 indivisam
1390 712 1795 815 spectamus,
1840 715 2085 789 deinde
2112 716 2270 789 veto
2300 743 2530 799 motu,
2565 736 2774 815 quem

353 820 538 887 Deus
550 811 827 893 indidit,
864 810 1128 887 divisam
1143 813 1504 907 judicamus
1535 816 1604 888 in
1626 824 1843 916 partes'
1861 824 1930 890 δι
1945 815 2332 928 particular,
2380 843 2462 890 ex
2488 843 2774 915 quarum-

355 914 623 988 demum
638 918 1115 1012 conjunctione
1128 918 1381 1011 majora
1399 943 1681 1017 corpora
1697 923 1920 990 omnia
1935 922 2059 989 lint
2078 914 2482 1016 compofitaq
2512 917 2573 1015 §.
2607 943 2768 1008 305.

348 1013 551 1092 Unde
617 1019 718 1086 ori
735 1021 805 1085 in
869 1010 1141 1114 let-isque
1171 1021 1344 1103 orti,
1378 1044 1505 1117 pro
1584 1026 1823 1091 uorum
1842 1015 2259 1090 multitudine
2276 1019 2378 1091 vel
2398 1020 2722 1116 paucitate
2744 1068 2766 1101 ‚

351 1115 532 1188 latitu
584 1121 703 1187 ine·
726 1040 1186 1214 velpangustia‚
1212 1114 1258 1183 fi
1350 1140 1418 1186 ra
1448 1125 1519 1188 δε
1563 1140 1695 1201 ιω,
1734 1143 2098 1218 corporum
2125 1113 2409 1214 denique
2434 1134 2780 1213 permean-

353 1221 520 1288 tium
541 1214 793 1285 infinita
805 1219 1115 1285 varietate
1140 1217 1229 1281 m'
1283 1237 1319 1281 e
1335 1209 1567 1285 formis
1590 1214 1887 1332 distingui
1900 1213 2189 1312 poffunt.
2234 1215 2296 1308 §.
2327 1237 2444 1307 59.

461 1340 493 1402 3
515 1315 625 1400 38.
678 1317 849 1407 Qae
882 1316 1113 1382 omnia
1131 1306 1613 1401 considerantes
1637 1315 1814 1379 recte
1834 1308 2290 1380 concludimus
2306 1354 2329 1389 ,
2351 1308 2633 1401 ftmilium
2655 1327 2777 1376 cor-

330 1407 769 1505 »porumfimiles
791 1407 889 1501 effe
916 1427 1077 1499 poros
1095 1449 1117 1484 ,
1137 1408 1486 1499 diffimilium
1516 1423 1732 1476 contra.
1775 1404 2282 1500 similitudinem
2304 1400 2788 1477 acdiffimilitu-

363 1500 594 1576 dinem
626 1502 914 1603 intellige
960 1506 1032 1572 in
1070 1504 1359 1601 partium
1387 1500 1832 1604 magnitudine
1862 1554 1886 1589 ,
1936 1502 2146 1607 figura
2166 1556 2192 1593 ‚
2239 1501 2362 1581 fitu
2384 1558 2408 1594 ‚
2442 1524 2635 1576 motu
2669 1501 2775 1578 vel

418 1626 620 1676 tuere.
2195 1648 2202 1653 -

367 1628 417 1704 q
452 1727 496 1798 3
516 1730 543 1795 3
556 1727 626 1797 9.
678 1703 913 1801 Itaque
927 1705 1196 1775 materia
1212 1699 1493 1780 diversa,
1525 1701 1598 1777 id
1615 1704 1742 1787 est,
1773 1700 2127 1779 secundum
2148 1702 2401 1807 exiguas
2422 1703 2772 1807 particulas

361 1800 551 1876 aliter
570 1797 893 1880 sonnatii,
924 1800 1208 1875 diversos
1232 1805 1432 1876 etiam
1453 1829 1663 1904 poros
1676 1805 1776 1876 exi
1830 1810 1874 1876 ‘t
1894 1856 1917 1890 ,
1954 1829 2029 1878 ut
2047 1802 2253 1879 libere
2273 1828 2619 1878 moveatur
2637 1855 2661 1890 ,
2693 1831 2772 1879 ac

352 1901 641 2004 proinde
654 1907 938 2004 partium
955 1900 1147 2003 litum
1164 1900 1421 1976 turbare
1436 1904 1658 2005 potest
1681 1912 1753 1978 &
1796 1903 1956 1994 olet,
1986 1909 2254 2005 quoties
2271 1908 2400 1981 ruit
2416 1909 2485 1977 in
2506 1927 2772 2007 corpus,

350 2004 537 2099 cujus
552 2009 666 2077 viae
679 2029 819 2077 non
839 1999 980 2076 latis
997 2028 1161 2104 aptae
1173 2000 1342 2078 sunt.
2155 2040 2166 2049 ·

358 2138 373 2145 ·
456 2129 616 2203 340.
674 2109 856 2177 Hinc
872 2109 1025 2204 pori
1045 2110 1229 2178 unius
1262 2107 1565 2207 corpori&
1590 2102 1848 2178 alterius
1864 2103 1902 2175 ὲ
1918 2108 2184 2214 regione
2202 2092 2521 2206 positi‘vel
2539 2102 2776 2205 adjuri-

353 2203 443 2276 &i
466 2212 758 2302 corporis
780 2209 958 2303 poris
975 2209 1365 2305 quantitate,
1380 2205 1615 2306 figura,
1635 2204 1757 2278 fitu
1770 2228 1910 2275 non
1921 2203 2338 2306 respondent.
2410 2211 2520 2280 Sic
2556 2203 2773 2279 diver-

347 2300 415 2375 sa
449 2301 694 2375 indussa
726 2301 916 2388 fimul
943 2304 1248 2378 nonnulli
1279 2306 1594 2386 induunt,
1640 2329 1717 2378 ut
1738 2307 1823 2376 eo
1841 2308 2044 2413 magis
2064 2329 2325 2378 arceant
2340 2311 2557 2379 a'e‘rem
2579 2358 2602 2392 ,
2654 2309 2772 2404 qui

346 2425 476 2504 per
493 2423 740 2474 meatus
777 2409 976 2500 panni
994 2400 1295 2502 simplicis
1315 2456 1339 2491 ,
1372 2401 1527 2476 licet
1541 2402 1895 2490 craffioris,
1931 2403 2184 2479 facilius
2204 2403 2291 2477 ad
2316 2428 2537 2490 cutem
2560 2429 2775 2508 pene-

350 2523 511 2575 trat.
1642 2565 1649 2570 .

462 2627 495 2692 3
513 2624 618 2689 41.
673 2596 915 2669 Adhaec
932 2623 1073 2697 quae
1088 2598 1172 2669 de
1184 2598 1323 2669 laevi
1347 2603 1414 2669 δε
1444 2597 1524 2669 as
1558 2609 1667 2669 era
1686 2597 2017 2697 superficie
2038 2621 2304 2668 externa
2322 2648 2343 2681 ,
2368 2602 2430 2696 §.
2455 2626 2482 2689 3
2507 2626 2540 2668 2
2556 2623 2583 2671 t
2600 2650 2616 2667 .
2641 2595 2776 2695 seq.

336 2710 430 2779 &
469 2720 624 2769 ante
661 2694 981 2777 dixImus,
1027 2724 1104 2785 ea
1133 2720 1408 2796 quoque
1443 2628 1555 2769 arf
1550 2701 1875 2774 internam
1890 2717 2212 2797 potorum
2235 2746 2256 2781 ‚
2283 2691 2426 2782 seu,
2461 2694 2547 2766 ad
2577 2692 2780 2769 latera

328 2822 693 2877 meatuum
715 2793 858 2870 sunt
874 2824 955 2899 ap
1004 2795 1282 2870 licanda.
1323 2796 1524 2871 Unde
1545 2799 1783 2869 iterum
1802 2820 2158 2898 permagna
2176 2820 2407 2868 eorum
2430 2802 2727 2871 varietas.
2756 2875 2766 2882 ,

455 2926 617 2995 342.
668 2898 881 2986 Porro
967 2922 1242 2970 urorum
1280 2922 1365 2968 co
1446 2913 1638 2970 orum
1668 2903 1819 2997 pori
1850 2892 2160 2969 differunt
2194 2892 2278 2966 ab
2307 2897 2393 2976 ,iis
2414 2902 2529 2995 qui
2548 2892 2690 2970 fimt
2714 2900 2783 2970 in
2913 2919 2914 2922 ’

322 2998 609 3084 fluidis,
646 2996 831 3098 quod
847 2995 940 3069 illi
963 2997 1057 3069 ob
1077 2997 1369 3069 firmiora
1451 3022 1588 3070 tera
1607 3001 1812 3097 magis
1837 2994 2136 3093 constantes
2156 3048 2178 3080 ‚
2209 2993 2280 3068 hi
2326 2997 2553 3071 contra
2590 2993 2781 3070 facile

314 3100 672 3177 mutabiles.
726 3096 985 3170 Idcirco
1002 3101 1272 3170 materia
1288 3101 1355 3168 in
1371 3095 1492 3172 illis
1507 3096 1724 3171 minus
1745 3097 1784 3168 εἰ
1799 3118 1992 3170 motu
2010 3094 2123 3167 suo
2140 3095 2496 3196 impeditur
2514 3126 2531 3168 t
2549 3121 2788 3195 quem-

314 3195 728 3276 admodum
748 3193 967 3270 firmus
982 3195 1221 3270 melius
1230 3220 1354 3298 per
1367 3206 1698 3271 caminum
1726 3193 2037 3281 ascendit,
2059 3191 2370 3294 globulus
2387 3193 2643 3271 facilius
2657 3223 2783 3299 per

314 3299 596 3379 tubum
612 3321 938 3383 movetur,
967 3298 1169 3397 quam
1179 3311 1298 3396 per
1313 3294 1600 3371 liberum
1619 3301 1790 3369 a‘e'ra.

382 3488 386 3492 ⁴
440 3430 479 3500 3
499 3423 593 3489 43
611 3444 637 3491 .
678 3399 771 3468 Ex
789 3395 976 3471 dietis
1009 3401 1124 3501 §.3
1144 3407 1259 3469 26.
1287 3394 1468 3495 seqq.
1507 3393 1924 3495 intelligitur,
1948 3403 2199 3467 meatus
2213 3395 2376 3470 alios
2396 3396 2518 3469 esse
2538 3415 2788 3564 corfo-

308 3509 378 3580 ri
411 3499 788 3591 congenitos,
813 3505 1012 3594 utqui
1045 3504 1112 3570 in
1126 3520 1352 3596 panno
1371 3519 1489 3596 per
1507 3507 1862 3579 texturam3
1899 3492 2062 3567 alios
2083 3495 2309 3594 postea
2321 3497 2543 3586 fastos,
2582 3507 2658 3567 've
2689 3493 2782 3586 uti

308 3612 395 3679 in
413 3589 676 3704 panno
697 3593 785 3667 ab
797 3622 944 3683 acu,
967 3595 1463 3695 tinei3‚in'ligno
1485 3592 2187 3680 aterebra5vermibus,
2211 3602 2345 3667 διε.

288 3732 300 3741 ·
440 3730 479 3796 3
502 3727 643 3793 44.
699 3700 799 3768 Ac
815 3693 1001 3769 ficuti
1032 3700 1101 3767 in
1132 3718 1358 3800 panno
1380 3689 1585 3766 ctaffo
1599 3698 1978 3794 paucioteS,
2022 3690 2442 3780 sedlatiores;
2491 3700 2555 3765 in
2576 3689 2792 3783 subtili

296 3806 613 3912 plures,
666 3792 776 3869 sed
809 3799 1211 3898 angustiores
1235 3799 1388 3893 pori
1408 3791 1553 3866 sunt
1591 3823 1608 3867 t
1654 3799 1752 3865 ita
1773 3787 1929 3892 saepe
1959 3797 2025 3866 in
2046 3791 2181 3868 aliis
2206 3792 2597 3893 ‘corporibus
2636 3814 2795 3861 mea·

299 3929 501 3984 tuum
534 3896 806 3996 angustia
830 3892 1173 3975 multitu'din
1194 3894 1348 3993 quasi
1359 3895 1654 3995 pensatur.
1683 3892 1975 3996 ‘Nempe
1996 3940 2018 3980 ,
2052 3916 2120 3970 ut
2145 3899 2210 4005 in
2248 3917 2472 3996 panno
2512 3887 2623 3962 fila
2645 3941 2668 3977 ,
2708 3886 2792 4048 [lig
