3391 4418
634 200 686 265 6
1283 168 1346 251 P
1470 197 1531 251 n
1656 198 1709 249 ιΓ
1831 192 1872 248 s
1997 196 2035 251 1
2159 196 2208 251 c
2332 194 2398 250 Α

632 318 878 466 ωῖζὲῑ
900 294 1075 460 Q&
1090 276 3053 484 aabffiz‘fmfflmqssffimsswm

635 517 820 567 eorum
841 510 1121 582 corporum
1137 538 1159 570 ,
1189 487 1330 556 unde
1346 485 1752 578 contingebatur
1775 536 1800 568 ‚
1829 485 1907 555 dd
1922 484 2310 576 atimfim
2329 484 2622 579 rraruffem'
2635 482 3048 585 hroeuigatut.

733 619 773 679 7
788 598 852 663 8.
902 592 989 660 Et
1007 582 1279 683 quando
1303 580 1872 658 transsatioisthaee
1887 581 2060 656 ultro
2088 587 2387 682 citroque
2407 584 2489 655 fit
2529 582 2607 680 (εὶ
2635 582 2855 655 mensa
2880 592 3055 659 enim

634 691 808 763 libro
830 687 1117 762 semoto,
1131 680 1346 756 mensa
1364 711 1635 785 quoque
1660 682 1698 754 ὲ
1717 682 1892 756 libro
1917 680 2321 785 sejungitur),

734 818 776 881 7
788 817 825 878 9
837 844 855 861 .
905 794 983 857 ln
1000 809 1303 857 accurata
1316 809 1537 857 motus
1556 783 1943 857 definitione
1960 790 2326 878 confingat&
2338 792 2672 877 urpbrapro
2683 785 3058 876 «μὲᾀικὸκ

619 892 758 986 fitur
789 888 1056 960 habenda.
1105 892 1207 960 lta
1240 880 1648 975 manifestum
1677 890 1830 966 erit,
1989 964 1992 967 ‚
2166 908 2304 954 rem
2335 888 2404 955 in
2431 879 2659 953 mensae
2683 890 2755 955 δε
2783 882 2936 957 libri
2965 881 3062 957 se-

635 995 974 1092 paratione
1007 990 1300 1084 quietem
1322 983 1681 1059 tribuamus
1700 1009 1853 1056 men
1878 1012 1953 1068 ae,
1972 992 2216 1086 quippe
2243 1009 2387 1083 quae
2416 1007 2552 1054 non
2577 990 2753 1078 juxta
2785 1009 2861 1055 ac
2883 983 3060 1057 hbet

641 1088 950 1163 omnibus
969 1083 1259 1186 partibus
1280 1082 1679 1157 transfertur.

630 1264 647 1277 ‚
739 1198 855 1261 80.
911 1191 1043 1260 Cui
1067 1211 1204 1257 non
1225 1182 1543 1258 absonum
1564 1184 1655 1255 est
1673 1181 1872 1253 illud:
1923 1197 2108 1257 Motu
2125 1178 2854 1275 omnbfitsupetimmbili.
2919 1188 3061 1255 Ve-

633 1292 755 1361 luti
792 1286 839 1357 fi
869 1284 1249 1359 deambules
1281 1291 1347 1357 in
1371 1292 1551 1368 navi,
1583 1282 1667 1355 ad
1688 1281 1890 1383 pedes
1924 1308 2073 1357 tuos
2104 1286 2283 1359 navis
2311 1278 2545 1352 eadem
2579 1276 2697 1352 tibi
2731 1275 3058 1380 quiescere

632 1388 917 1472 videtur,
943 1390 1237 1483 quamvis
1258 1383 1471 1486 reapse
1492 1406 1859 1457 moveatur.
2321 1429 2332 1439 -

738 1498 775 1559 8
796 1515 819 1557 1
833 1540 850 1558 .
903 1489 995 1556 Ea
1015 1512 1162 1584 quae
1189 1484 1486 1566 diximus,
1505 1511 1577 1558 ut
1597 1510 1776 1570 ecce,
1794 1488 2138 1582 quantitas,
2154 1478 2357 1581 figura
2371 1528 2395 1565 ‚
2414 1474 2596 1556 fitus,
2611 1483 2798 1575 quies
2817 1484 2888 1553 δι
2905 1506 3060 1553 mo-

638 1611 765 1670 tus,
786 1584 1270 1656 Mathematicis
1295 1610 1569 1684 quoque
1600 1591 1666 1654 in
1686 1582 2244 1654 demonstratione
2264 1579 2533 1675 objecta
2549 1576 2715 1650 sunt.

736 1692 773 1755 8
788 1710 854 1754 2.
909 1680 1111 1756 Unde
1134 1685 1365 1779 liquet,
1388 1707 1619 1755 eorum
1643 1686 2142 1771 contemplationem
2171 1685 2355 1752 omni
2374 1675 2590 1750 dubio
2607 1703 2867 1752 vacare.

737 1791 854 1874 83.
905 1785 1230 1881 vais
1255 1780 1433 1882 apud
1462 1780 1978 1853 Mathematicus
2007 1778 2117 1850 illa
2149 1788 2351 1880 magis
2384 1775 2707 1852 abstrat‘h
2738 1776 2816 1853 fit
2857 1786 2934 1853 &t
2960 1779 3051 1851 la-

643 1910 768 1958 nus
843 1905 1059 1955 arens:

735 1909 846 2072 SE.
908 1978 1108 2082 Apud
1137 1978 1439 2074 physicos
1468 2005 1687 2055 autem
1716 2002 1929 2051 terum
1950 1978 2430 2077 particularium
2457 2002 2759 2053 naturam
2782 1982 3055 2083 propius

644 2106 807 2154 attin
854 2099 943 2152 at.
2290 2134 2296 2139 -

737 2187 773 2251 8
788 2107 852 2273 5g.
913 2177 1362 2252 Mathematici
1390 2184 1567 2253 enim
1587 2204 1950 2262 numerum,
1976 2182 2354 2254 ternarium,
2377 2174 2738 2260 denarium,
2755 2178 3068 2281 figuram,-

633 2277 1105 2353 rotunditatem
1122 2286 1477 2379 generatim
1501 2286 1927 2381 pertrastant:
1963 2277 2208 2373 Phyfici
2227 2275 2889 2381 speciatimquaerunt,
2907 2288 3052 2382 quis

635 2381 1114 2453 elementorum
1134 2404 1464 2458 numerus,
1484 2407 1626 2480 quae
1645 2379 1722 2452 fit
1741 2380 1949 2482 figura
1968 2378 2160 2458 Solis,
2187 2384 2381 2451 Lunae
2394 2424 2417 2460 ‚
2446 2389 2577 2454 ὅτε.

735 2485 853 2556 86.
909 2480 1120 2553 Porro
1145 2477 1381 2553 eadem
1413 2506 1630 2553 rerum
1665 2477 2109 2582 corporalium
2143 2484 2466 2582 principia
2496 2481 2766 2581 opifices
2789 2507 2870 2553 ac
2900 2487 3054 2554 Me·

642 2578 894 2653 chanici
924 2577 1186 2654 versant.
2720 2637 2728 2645 ·

738 2686 853 2770 87.
905 2680 1134 2781 Itaque
1172 2687 1290 2755 rite
1320 2685 1589 2782 cognita
1606 2687 1806 2753 etiam
1835 2686 1903 2754 in
1927 2683 2194 2778 faciundo
2225 2680 2429 2780 quam
2469 2681 2756 2753 maxime
2788 2707 2914 2754 nos
2944 2691 3050 2779 ju-

632 2805 810 2856 vant.
2258 2829 2262 2833 »
2367 2825 2370 2828 -
3019 2843 3032 2850 -

733 2888 846 2949 88.
900 2882 1238 2951 Nimirum
1259 2905 1358 2952 res
1378 2878 1699 2955 naturales
1727 2880 1985 2954 eflentiss
2022 2886 2427 2954 conveniunt
2453 2904 2609 2952 cum
2639 2886 2758 2961 iis,
2786 2880 3055 2982 quaedi-

632 3000 867 3051 cuntur
884 3002 1017 3049 arte
1037 2975 1245 3051 fatstae.

732 3087 767 3148 8
781 3104 818 3165 9
832 3133 847 3149 .
896 3083 1249 3150 Enimvero
1270 3086 1606 3150 materiam
1628 3076 1949 3151 extensam
1967 3101 2158 3175 atque
2187 3085 2347 3149 inea
2371 3084 2803 3175 quantitatem
2819 3132 2848 3169 ‚
2878 3081 3052 3182 figu-

631 3202 791 3255 ram,
805 3174 1021 3256 fitam,
1038 3184 1325 3275 quietem
1347 3201 1684 3251 morumve
1704 3176 2061 3276 utrobique
2088 3176 2404 3252 videmus.

728 3300 845 3363 90.
894 3274 1025 3350 Sed
1067 3275 1362 3349 distantia
1396 3275 1649 3350 illarum
1681 3284 1748 3364 in
1781 3274 2202 3379 perfeetionis
2238 3276 2547 3378 gradibus
2573 3303 2647 3352 ut
2686 3280 3042 3382 plurimum

632 3373 831 3448 nobis
853 3374 1133 3447 locanda
1154 3377 1260 3447 est.
1901 3447 1906 3452 ,

732 3503 771 3564 9
792 3504 847 3547 1.
906 3473 1478 3580 Qndoquidem
1504 3474 1736 3550 sormae
1759 3484 1823 3551 in
1856 3473 2662 3578 corporibus'naturalibus
2681 3505 3044 3584 eorumque

628 3574 920 3673 partibus
939 3621 960 3657 ‚
997 3603 1139 3675 quae
1159 3584 1228 3649 δε
1257 3573 1402 3675 ipsa:
1433 3578 1645 3650 multo
1680 3580 1900 3678 plures
1927 3605 2003 3650 ac
2027 3575 2392 3652 subtiliores
2403 3574 2545 3652 sunt
2562 3631 2584 3668 ‚
2603 3589 2909 3659 varietate
2930 3609 3044 3659 aut

624 3699 821 3748 nexus
853 3683 1048 3748 etiam
1069 3677 1425 3766 constantia
1443 3677 1877 3751 artificialium
1899 3675 2144 3752 formas
2162 3676 2479 3780 superant.
2683 3737 2690 3742 -

726 3800 767 3863 9
784 3803 849 3848 2.
905 3775 1108 3850 Unde
1128 3776 1416 3877 palmam
1435 3773 1810 3852 sabfefaffls
1825 3779 2135 3852 naturalia
2150 3786 2554 3881 ptaeripiunt‘.
2565 3785 2856 3871 Mare,.9.
2881 3807 2944 3872 ,ι

728 3901 766 3960 9
786 3904 810 3967 3
827 3931 845 3948 .
893 3882 1117 3975 Atque
1137 3900 1212 3950 ut
1238 3877 1448 3951 Solon
1562 3879 1723 3953 llum
1748 3879 2178 3982 gallinaceum
2212 3881 2366 3953 vesti
2397 3876 2811 3981 segmentatae
2827 3879 3041 3956 Croefi

622 3982 992 4052 antevertit:
1028 3982 1117 4051 ita
1136 3973 1427 4056 Christus
1443 3906 1574 4056 1ὶῇ
1598 3987 1790 4087 pietat
1806 3980 2183 4059 Salomonis
2207 3982 2383 4059 vesti.
2403 3977 2649 4055 March.
2672 3993 2740 4055 6.
2763 4007 2877 4072 29.

2698 4109 2820 4180 94.
2850 4088 3034 4166 Hinc
