3391 4418
869 105 2558 206 Conponuuov1vEuT1um.
2762 122 2913 228 2825

579 259 617 305 2
630 252 665 328 3
681 279 701 301 .
750 230 1063 398 Denipue
1082 277 1104 311 ,
1146 221 1332 321 quod
1354 219 1569 293 calore
1592 212 1927 317 &frigore
1946 251 2063 324 per
2080 231 2254 299 vices
2275 225 2390 297 ista
2408 251 2693 329 corpora
2714 257 2912 335 vege-

478 355 703 406 tantur
726 336 799 403 &
825 353 931 399 cre
959 349 1131 401 cunt.
1840 343 1848 350 ·
2875 365 2884 376 ,

579 455 689 526 24.
744 434 962 526 Atque
989 432 1079 499 ita
1102 426 1237 500 vita
1265 446 1537 590 quoq-ue
1558 420 1777 492 nostra
1797 444 1937 492 non
1966 418 2342 523 (impliciter
2359 426 2483 497 illis
2500 483 2521 511 ‚
2562 455 2710 528 quae
2746 431 2904 505 eali»

471 529 638 603 dum
668 539 734 602 δε
751 526 1097 600 humidum
1113 548 1355 626 augent
1369 577 1392 609 ‚
1451 522 1808 594 ustentatur
1828 551 1847 608 ;
1880 527 1905 612 (
1919 519 2288 620 liquoribus
2301 532 2480 600 enim
2498 530 2722 604 calidis
2741 556 2895 606 tunc

466 631 787 734 perpetuo
806 626 961 701 effer
986 623 1383 707 utendumz)

568 753 677 822 25.
725 727 854 802 sed
888 734 996 810 ίίε,
1026 753 1173 825 quae
1204 724 1455 795 bonam
1469 725 1535 793 in
1559 717 2355 821 {anguinefermmaetionem
2372 718 2693 818 excitant,
2729 757 2894 833 qua-

461 830 551 899 lia
565 826 890 901 interdum
911 825 1098 901 valde
1120 822 1356 926 frigida
1371 881 1387 905 ,
1419 846 1493 896 ut
1514 846 1773 894 acetum
1797 851 1818 906 ;
1856 820 1961 894 vel
1977 820 2139 897 ficca
2156 880 2180 913 ‚
2202 851 2274 900 ut
2296 825 2559 926 chalybs
2569 859 2894 934 praepara.

460 949 588 1000 tus.
639 923 1031 1027 Exemplum
1052 922 1372 1021 ejusmodi
1391 919 1916 996 fermentationis
1935 931 2259 1004 cernitur,
2296 937 2555 1025 quoties
2571 931 2888 1008 affufione

451 1032 624 1101 aceti
653 1021 877 1132 frigidi
923 1024 1088 1109 olla,
1127 1030 1195 1096 in
1226 1050 1355 1125 qua
1386 1046 1761 1121 coquuntur
1779 1019 1980 1123 pisces
1996 1076 2023 1114 ‚
2052 1026 2439 1101 ebullitione
2466 1040 2885 1135 propinqua,

452 1131 607 1202 actu
625 1126 903 1200 ebullire
923 1133 995 1198 δε
1011 1122 1330 1198 exundare
1354 1127 1605 1222 incipit.
1666 1215 1671 1218 ⁷
2345 1171 2354 1176 „

552 1234 673 1298 26.
721 1225 1041 1297 Humidum
1079 1227 1170 1295 ita
1193 1242 1633 1323 temperatum
1654 1219 1769 1293 ubi
1789 1231 2042 1321 majore
2062 1231 2257 1325 eopia
2276 1231 2593 1326 reperitur
2612 1274 2636 1309 ,
2668 1229 2764 1305 ibi
2783 1239 2884 1308 vi..
2965 1287 2968 1292 .

449 1331 749 1403 ventium
780 1348 1146 1427 corporum
1183 1322 1453 1396 uberior
1485 1344 1843 1420 proventus
1874 1373 1896 1406 ,
1948 1321 2326 1398 dummodo
2364 1326 2546 1401 calor
2579 1354 2720 1403 non
2763 1331 2884 1408 de-

458 1430 668 1505 ficiat.
1062 1503 1069 1508 ,
1261 1492 1271 1501 .
2165 1509 2172 1514 ,

550 1554 669 1616 27.
716 1529 822 1601 Sic
834 1551 1105 1628 gramen
1124 1531 1191 1598 in
1217 1521 1389 1595 locis
1403 1517 1630 1593 crescit
1646 1515 2154 1594 humidioribus.
2188 1523 2496 1596 Similiter
2553 1527 2619 1599 ili
2636 1533 2706 1600 in
2728 1555 2886 1603 cor-

448 1652 620 1731 pote
641 1627 891 1699 nostro.
945 1628 1108 1702 Uvae
1131 1634 1201 1701 &
1223 1626 1330 1696 alii
1344 1618 1591 1697 {iustus
1606 1624 1675 1691 in
1691 1627 2016 1719 majorem
2033 1620 2282 1696 molem
2301 1554 2690 1707 excretlgunt,
2711 1656 2883 1730 quo-

451 1734 575 1801 ties
591 1754 732 1800 non
750 1727 926 1799 deest
941 1727 1187 1829 pluvia.
1475 1725 1483 1733 ’
2877 1745 2906 1818 '.

550 1834 663 1904 28.
711 1826 1037 1929 Equidem
1078 1823 1470 1900 humiditate
1514 1826 2072 1926 germinationem
2108 1833 2496 1926 promoveri
2519 1872 2544 1909 ‚
2577 1830 2683 1901 vel
2716 1829 2874 1905 inde

450 1927 722 2033 colligas
735 1984 758 2016 ‚
783 1928 972 2030 quod
1007 1935 1075 2001 in
1101 1929 1265 2002 locis
1284 1923 1772 2001 humidioribus
1789 1952 2070 2027 corpora
2091 1927 2466 2003 mueescunt
2485 1936 2555 2003 δε
2574 1928 2878 2034 rubigine

443 2029 903 2117 obducuntur,
937 2036 1008 2105 in
1022 2028 1401 2112 siccioribus
1415 2052 1557 2100 non
1579 2033 1762 2100 item.
1797 2026 1920 2100 Ph.
1956 2054 1978 2097 1
1994 2052 2152 2121 209.
2167 2023 2261 2127 sq.
2873 2073 2878 2078 -

460 2141 467 2148 '
538 2159 654 2227 29.
702 2133 1214 2206 Paritercalidum
1233 2136 1351 2201 rite
1371 2150 1807 2230 temperatum
1832 2127 1948 2200 ubi
1964 2134 2501 2228 magisinvenitur
2520 2184 2543 2219 ‚
2571 2126 2870 2234 ibi—plura

439 2235 722 2305 viventia
763 2229 1133 2306 nascuntur.
1220 2233 1330 2304 Sic
1366 2231 1577 2302 aestate
1611 2226 1854 2328 plantae
1870 2271 1893 2308 ‚
1922 2227 2152 2301 muscae
2167 2280 2191 2316 ‚
2227 2232 2502 2320 culiceS,
2538 2259 2788 2308 vermes
2827 2237 2870 2310 ὲ

445 2353 637 2400 earne
660 2336 920 2429 ingente
942 2355 1222 2403 numero
1286 2334 1656 2402 reveniunt.

552 2452 661 2522 30.
716 2428 1055 2500 Nimirum
1084 2453 1162 2504 ,ut
1193 2355 1411 2526 pfuvia
1430 2426 1658 2500 deficit
1675 2423 1790 2501 ubi
1810 2422 1913 2498 vel
1938 2425 2114 2500 deest
2127 2434 2399 2501 materia
2414 2428 2687 2502 humida
2704 2482 2727 2516 ,
2759 2430 2868 2502 vel

445 2522 627 2596 deest
650 2522 831 2595 calor
850 2533 991 2621 ejus
1002 2525 1347 2624 particulas
1360 2524 1617 2597 elevans
1629 2577 1660 2611 ,
1702 2525 1810 2597 vel
1819 2524 2022 2622 frigus
2039 2551 2148 2596 eas
2163 2531 2402 2602 iterum
2414 2525 2822 2617 condensans
2839 2556 2881 2600 ε·

441 2628 533 2698 ita
543 2621 784 2725 plantae
810 2616 880 2696 δέ
902 2624 1213 2693 animalia
1235 2619 1467 2693 fimiles
1483 2621 1574 2692 ob
1597 2618 1813 2695 causas
1827 2619 2171 2693 deficiunt.
2871 2710 2880 2715 .

548 2751 577 2817 3
602 2749 663 2794 1.
718 2727 813 2794 Ex
849 2719 1091 2822 quibus
1114 2743 1333 2823 patet,
1364 2747 1479 2794 eur
1496 2741 1793 2793 aromata
1817 2716 2055 2818 aliique
2070 2718 2319 2790 fruCtus
2334 2771 2359 2807 ,
2400 2712 2621 2818 quosa
2644 2721 2860 2800 calore

435 2821 720 2897 multum
750 2820 1072 2896 elaborari
1093 2820 1340 2895 necessi:
1377 2823 1466 2894 est
1484 2876 1507 2910 ,
1548 2827 1617 2893 in
1639 2817 2059 2893 calidioribus
2077 2818 2330 2893 tantum
2350 2821 2729 2923 regionibus
2753 2830 2859 2897 in-

432 2928 801 2999 veniantur.
853 2920 1116 3000 Confer
1132 2921 1255 2997 Ph.
1284 2946 1483 2997 1202.
1533 2928 1632 2997 Ita
1652 2947 1774 3015 nec
1794 2917 2028 3022 paffim
2051 2917 2659 2998 uvae‘matureseunt.

537 3054 647 3118 32.
685 3022 996 3126 Insuper&
1020 3024 1213 3099 dicitis
1231 3024 1653 3125 intelligitur,
1689 3049 1807 3096 cur
1827 3019 2008 3095 brevi
2029 3022 2240 3095 aestate
2259 3027 2326 3095 in
2340 3027 2423 3095 Se
2475 3030 2807 3099 tentrione
2832 3083 2855 3113 ‚

433 3147 499 3198 at
526 3135 779 3223 majore
808 3127 955 3199 aestu
975 3123 1475 3226 &longioribus
1491 3123 1722 3197 diebus
1741 3121 2066 3196 frumenta
2081 3123 2271 3195 citius
2289 3148 2394 3195 cre
2420 3146 2610 3212 cant,
2647 3126 2851 3224 quim

430 3231 502 3298 in
538 3224 676 3297 aliis
709 3252 775 3297 re
827 3227 1127 3300 onibus:
1160 3232 1255 3298 ita·
1286 3222 1569 3324 quidem·
1597 3246 1673 3297 ut
1701 3229 1868 3297 intra
1901 3220 2240 3324 septimam
2259 3222 2851 3300 veloctavamasa-

432 3331 615 3400 tione
632 3324 762 3398 heb
815 3327 1133 3399 omadam
1146 3324 1302 3427 saepe
1319 3346 1669 3397 metantur.
1702 3323 1826 3396 Ph.
1851 3331 1886 3393 8
1902 3349 2018 3395 20.
2037 3349 2076 3413 9
2094 3350 2192 3397 21·-

466 3428 471 3433 ’
536 3453 566 3518 3
624 3478 643 3496 .
683 3430 790 3499 Sic
812 3426 943 3498 mel
970 3427 1206 3501 Ruffiae
1233 3450 1634 3526 magnopere
1649 3423 2184 3508 commendatur,
2220 3424 2541 3522 quialicet
2557 3450 2632 3496 ea
2655 3427 2865 3503 tellus-

422 3523 537 3599 fita
560 3451 613 3596 (i
654 3524 735 3595 ad
751 3530 1322 3626 Septentrionem,
1351 3526 1443 3597 ob
1465 3525 1801 3626 longiores
1821 3546 2037 3598 tamen
2057 3522 2196 3597 dies
2213 3525 2483 3612 aeffivos,
2504 3550 2613 3598 ros
2637 3536 2705 3601 δε
2726 3526 2846 3600 ha-

425 3622 579 3699 litus
601 3624 848 3698 fforum
870 3625 1110 3698 diutius
1124 3624 1161 3697 a
1183 3627 1339 3698 Sole
1354 3647 1838 3723 excoquuntur.
2479 3712 2488 3719 θ

462 3754 469 3759 ·
530 3753 646 3823 34.
703 3731 1059 3829 Qntum·
1075 3726 1230 3798 vero
1244 3724 1328 3798 ad
1350 3726 1616 3797 arbores'
1637 3733 1709 3796 ὅ(
1723 3749 2006 3825 corpora
2021 3776 2042 3809 ,
2058 3726 2521 3824 quae·longiore
2542 3722 2863 3827 tempore·

420 3848 655 3927 egent,
693 3852 830 3926 quo
850 3825 937 3898 ad
950 3824 1724 3926 justam-magnitudinem
1735 3823 2177 3925 perducantur
2191 3868 2217 3900 ‚
2255 3824 2360 3896 illa
2377 3829 2445 3895 in
2463 3821 2718 3926 frigidis
2739 3850 2844 3897 re·

479 3922 735 4004 'onibus
774 3933 983 4034 magis
1009 3931 1193 4007 rech
1234 3935 1308 4003 δε
1342 3953 1666 4025 procera,
1699 3930 1768 3996 in
1797 3923 2024 4011 calidis
2056 3949 2252 4006 curva
2284 3934 2356 4003 &
2395 3922 2848 4000 breviorem-

581 4048 708 4108 tm·
1368 4025 1411 4038 e
1603 4030 1614 4037 ·
1711 4025 1858 4104 Nn
1904 4052 1951 4127 35
2514 4045 2622 4126 3¹53·
2635 4022 2878 4124 ..Con-⁴¹
