3391 4418
665 151 822 231 ¹42
1197 115 2403 205 ,D1sruTArro

761 266 798 312 2
811 262 876 326 9.
927 230 1062 307 Sed
1091 227 1252 332 resp.
1285 255 1311 300 1
1327 283 1343 301 .
1366 224 1452 300 fic
1470 225 1661 301 rebus
1681 228 1860 301 mere
1879 235 2214 330 corporeis
2229 227 2448 334 affingi
2474 226 2653 326 quafi
2668 225 3088 304 intelleaum

668 348 743 414 δε
764 336 1171 414 voluntatem
1240 329 1521 402 nandam
1535 380 1558 416 ,
1597 328 1770 401 adeo
1785 356 1859 404 ut
1872 328 2355 404 confundantur
2375 357 2527 403 cuin
2550 328 2742 401 rebus
2758 327 3094 430 spirituali.

673 439 832 526 buS,
866 458 1097 508 contra
1115 431 1185 504 di
1208 459 1277 531 p.
1311 435 1454 504 111.
1496 456 1559 521 3.
1587 434 1725 502 IV.
1762 440 1830 504 6.
1867 457 2147 530 quarum
2209 438 2500 532 roprium
2515 432 2603 502 est
2625 485 2646 516 ‚
2668 429 2751 502 ab
2771 426 3093 528 ejusmodi

675 547 938 613 interno
957 537 1287 636 principio
1310 537 1814 604 commoveri&
1831 529 2062 633 sponte
2085 459 2512 634 adpagcndum
2531 556 2989 632 prorumpere.

783 666 897 736 30.
955 663 1020 708 2.
1044 631 1521 708 Fatemurillud
1536 632 1853 731 operandi
1870 640 2260 735 principium
2283 634 2468 732 quod
2490 644 2560 703 in
2581 632 2826 731 opifice
2849 657 2946 704 ars
2967 632 3056 702 est
3074 676 3096 710 ‚

678 764 855 814 extra
877 760 1078 837 opera
1094 760 1237 833 quae
1260 729 1532 804 fabricat
1552 733 1838 806 existere.
1901 739 2101 833 Atqui
2123 732 2594 806 eodemmodo
2616 734 2836 803 divina
2856 736 3056 804 virtus
3079 784 3103 817 ‚

680 864 829 939 quae
846 836 1241 909 naturalibus
1259 840 1324 903 in
1339 831 1532 904 rebus
1554 829 1870 903 faciendis
1888 832 1945 904 se
1968 831 2189 905 exserit
2203 842 2522 931 omnique
2538 832 2827 904 humana
2844 855 2980 904 arte
2999 856 3105 903 ex-

685 939 1027 1013 cellentiot
1048 938 1139 1006 est
1164 990 1179 1017 ‚
1215 956 1388 1005 extra
1407 931 1735 1004 essentiam
1756 959 1969 1006 rerum
1989 934 2378 1006 naturalium
2407 957 2652 1004 manet.

794 1066 820 1132 3
846 1063 905 1110 ι.
962 1064 1025 1135 3.
1049 1040 1310 1107 Interna
1324 1040 1386 1103 in
1404 1029 1593 1104 rebus
1613 1031 2011 1107 naturalibus
2031 1037 2373 1134 principia,
2396 1060 2538 1131 qua:
2558 1029 2826 1132 quidem
2845 1029 3015 1100 clare
3032 1056 3111 1102 ac

692 1137 989 1210 distincte
1024 1133 1545 1236 cognoscuntur,
1578 1131 1926 1206 docuimus
1947 1135 2068 1207 este
2090 1134 2566 1220 extensionem,
2605 1155 2844 1204 certam
2870 1127 3108 1202 extenfi

692 1234 1036 1336 cujussibet
1071 1287 1091 1320 ‚
1140 1232 1246 1305 sen
1284 1260 1428 1334 pars
1461 1230 1570 1305 seu
1603 1253 1826 1306 totum
1855 1232 1973 1320 sit,
2004 1240 2470 1333 quantitatem,
2510 1234 2785 1335 figuram
2811 1286 2832 1318 ,
2869 1227 3059 1301 fitum
3083 1275 3107 1308 ι

691 1361 954 1411 motum
977 1386 998 1419 ‚
1036 1339 1351 1432 quietem.
1405 1331 1654 1404 Eadem
1673 1336 1831 1406 vero
1852 1340 2105 1406 interna
2120 1332 2266 1406 sunt
2281 1336 2408 1405 istis
2428 1336 2736 1434 operibus
2761 1358 2901 1429 quae
2914 1329 3115 1402 artifi-

692 1437 881 1511 cialia
894 1460 1213 1508 vocantur
1232 1488 1252 1520 ,
1284 1462 1341 1508 v.
1360 1461 1426 1534 g.
1449 1431 1810 1535 horologio
1824 1460 2008 1533 aeque
2028 1442 2355 1508 internum
2372 1431 2458 1506 sui
2483 1459 2707 1507 motus
2722 1437 3115 1533 principium

688 1538 852 1611 inest
866 1562 943 1608 ac
963 1536 1250 1609 animali.

798 1663 825 1729 3
847 1663 909 1708 2.
960 1634 1232 1732 Qbus
1255 1639 1651 1735 argumentis
1669 1632 2020 1707 doctiffimi
2042 1641 2159 1707 viri
2187 1643 2448 1710 Formas
2463 1632 2899 1708 substantiales
2921 1657 3116 1733 expu-

689 1738 1033 1837 gnaverint
1053 1789 1076 1821 ‚
1105 1732 1459 1834 quomodo
1491 1731 2004 1806 adversariorum
2040 1761 2419 1835 argumenta
2455 1732 2876 1807 refutaverint
2893 1786 2915 1820 ,
2952 1732 3113 1806 nolo

690 1848 824 1936 jam
865 1858 1175 1934 repetere.
1244 1836 1629 1932 Speciininis
1644 1835 1900 1907 tantum
1919 1839 2127 1935 gratia
2148 1863 2350 1909 unum
2370 1850 2433 1913 δι
2459 1836 2736 1908 alterum
2757 1842 3069 1936 attingam
3092 1886 3114 1919 ,

678 1936 881 2036 quod
915 1932 1225 2005 cramben
1247 1937 1489 2004 centies
1509 1938 1774 2009 coctam
1794 1959 2193 2035 reponentes
2214 1939 2485 2035 quidam
2511 1934 2717 2008 hodie
2740 1962 2963 2036 urgere
2980 1960 3117 2008 non

683 2036 1029 2107 dubitant.
1908 2074 1917 2081 ·
2746 2104 2751 2109 .

646 2200 656 2211 ,
799 2160 826 2227 3
850 2161 911 2225 3.
966 2132 1129 2222 Quia
1142 2133 1312 2201 datur
1337 2182 1361 2217 ‚
1399 2134 1701 2228 inquiunt
1720 2185 1741 2217 ‚
1778 2135 2024 2203 maenia
2030 2143 2219 2226 prima
2234 2139 2516 2207 afluanda
2534 2140 2594 2208 in
2601 2133 2972 2233 substantiam
2982 2136 3120 2234 phy..

674 2234 854 2335 fitam
877 2288 894 2315 ,
926 2234 1046 2303 ideo
1076 2232 1153 2308 ἀ
1168 2230 1386 2324 formas
1404 2231 1931 2328 darisubstamiales
1947 2239 2149 2335 ncceffe
2166 2234 2263 2331 est.
2320 2250 2481 2308 Nam
2494 2235 2599 2334 ista
2615 2239 2864 2310 acinacie
2882 2237 2954 2305 ab
2971 2240 3121 2308 acci-

687 2335 940 2407 dentibus
957 2332 1055 2428 effi·
1069 2335 1259 2423 nequit
1278 2383 1301 2415 ‚
1327 2331 1545 2427 etiamfi
1559 2336 1754 2404 omnia
1788 2335 2291 2408 xmulconcurrant.
2346 2343 2504 2434 Qia
2518 2343 2669 2409 enim
2684 2338 3004 2406 accidentia
3015 2358 3122 2406 non

680 2436 1030 2507 inducamur
1059 2432 1158 2531 m'fi
1186 2427 1626 2526 infiaebstaemiaem
1639 2456 1739 2502 can
1783 2436 1998 2504 ituram
2011 2476 2037 2511 ,
2071 2434 2427 2533 manifestum
2440 2434 2514 2533 est
2531 2436 2975 2534 easubstantiam
2992 2445 3122 2506 coii-

676 2533 915 2634 fiinoere
930 2557 1040 2603 non
1050 2531 1215 2627 poffe.
1670 2591 1676 2598 .
2372 2605 2379 2610 .

687 2675 700 2680 -
802 2660 910 2733 34.
957 2627 1155 2732 Resp.
1169 2637 1439 2709 Verum
1460 2634 1812 2736 estprimo‚
1834 2632 2195 2706 accidentia
2214 2658 2353 2707 non
2370 2632 2552 2735 poss‘e
2570 2635 2957 2708 constituere
2973 2632 3121 2708 sub-

692 2738 985 2809 stantiam
1003 2763 1023 2818 ς
1062 2759 1290 2809 verum
1311 2733 1552 2810 deinde
1573 2735 1771 2807 etiam
1792 2734 1882 2805 est
1907 2786 1928 2819 ‚
1954 2730 2111 2808 nihil
2131 2731 2535 2808 substantiale
2555 2740 2826 2806 inveniri
2842 2740 2910 2806 in
2930 2734 3121 2809 rebus

692 2837 1031 2931 corporeis
1048 2858 1278 2929 praeter
1297 2841 1634 2907 materiam
1659 2865 1679 2919 ς
1719 2833 2001 2931 denique
2021 2859 2246 2908 verum
2264 2836 2354 2906 est
2367 2888 2388 2922 ,
2422 2835 2570 2907 illos
2588 2834 2831 2907 modos
2851 2888 2872 2921 ‚
2893 2841 3004 2933 qui
3023 2862 3124 2907 re-

694 2931 915 3031 spectu
936 2934 1219 3002 materiae
1240 2934 1626 3030 generaliter
1643 2930 2060 3007 considerata
2078 2933 2443 3007 accidentia
2460 2959 2778 3008 vocantur
2799 2988 2819 3020 ,
2849 2936 2920 3008 id
2938 2934 3118 3035 poss'e

694 3028 993 3113 efficere,
1022 3050 1095 3097 ut
1132 3024 1470 3103 substantia
1492 3030 1569 3102 fit
1603 3057 1688 3102 ac.
1703 3031 1954 3105 dicatur
1967 3038 2098 3104 talio
2117 3086 2140 3115 ‚
2173 3034 2498 3126 judicetur
2516 3032 2638 3105 effe
2663 3037 2804 3108 haec
2822 3061 3122 3112 resnatu-

695 3130 843 3202 ralis
861 3137 926 3201 δι
945 3151 1083 3197 non
1099 3127 1242 3204 alia.
1300 3129 1468 3202 vide
1487 3156 1633 3228 quae
1652 3138 1784 3225 jam
1802 3131 1969 3204 olim
1987 3129 2191 3232 {cripi}
2211 3130 2454 3208 defens.
2504 3132 2752 3208 Cartes.
2772 3163 2843 3235 p.
2859 3162 2950 3226 47
2964 3149 3029 3212 6.
3044 3147 3117 3211 δε

693 3227 875 3326 seqq.
902 3236 1129 3322 &quae
1148 3254 1322 3300 nunc
1339 3229 1522 3323 Phys.
1573 3231 1815 3304 Contr.
1840 3235 1896 3310 §.
1917 3257 2035 3326 97.
2061 3241 2131 3304 «Sc
2151 3228 2208 3301 se
2263 3260 2329 3332 q.
2366 3232 2478 3306 ubi
2501 3239 2698 3306 etiam
2721 3229 3079 3336 cognosces
3096 3290 3118 3323 ,

690 3323 1048 3432 quomodo
1077 3334 1415 3428 generatio
1444 3339 1517 3404 δε
1549 3336 1889 3431 corruptio
1932 3331 2095 3403 fiant
2115 3259 2354 3431 abIZue
2380 3333 2567 3405 ullius
2592 3329 3121 3410 formaesubstan·

697 3430 865 3505 tialis
879 3424 1309 3500 adminiculo.
2502 3467 2505 3472 ·
2844 3501 2849 3506 .

802 3554 916 3622 35.
966 3528 1292 3625 specificam
1323 3552 1515 3601 rerum
1551 3533 1905 3604 naturalium
1939 3527 2317 3626 differentiam
2344 3533 2657 3606 accidentia
2670 3535 2999 3634 constituere
3014 3564 3120 3611 ne·-

685 3648 896 3723 queunt
912 3671 937 3706 ‚
965 3629 1091 3718 (iim
1120 3631 1333 3700 nuum
1366 3633 1533 3702 detur
1549 3634 1804 3701 accidens
1816 3632 2117 3700 materiate
2132 3674 2156 3708 ‚
2183 3633 2481 3728 quinpossit
2493 3637 2737 3727 pluribus
2752 3643 3009 3734 speciebus
3022 3645 3124 3736 effe

590 3753 598 3764 ·
682 3749 1020 3900 flentium,
1047 3751 1146 3800 nec
1179 3731 1297 3802 uua
1319 3731 1523 3826 speeies
1557 3752 1672 3823 qua
1697 3754 1805 3800 non
1824 3733 1989 3824 possie
2020 3730 2221 3801 hahere
2253 3736 2561 3806 accidentia
2590 3739 2814 3835 diversit
2826 3742 2885 3809 in
2892 3740 3007 3837 suis
3027 3748 3118 3810 iu-

681 3849 690 3858 ‘
726 3851 807 3901 m
846 3849 954 3898 uu.
3046 3859 3047 3862 ¹

787 3955 822 4024 3
839 3939 906 4004 6.
968 3921 1170 4026 Resp.
1205 3924 1488 4001 Nullum
1525 3926 1808 4028 quidem
1834 3926 2150 4034 accidens
2168 3932 2499 4038 materiale
2519 3934 2755 4017 existit,
2791 3938 2953 4036 quin
2967 3941 3120 4009 uni..

2854 4101 2861 4112 .
2967 4060 3116 4112 'Oi'-
