3391 4418
512 127 667 215 268
1133 122 2236 207 D1spurar1o
2649 181 2654 186 .

517 241 601 314 de
620 249 687 312 in
702 261 938 310 terram
962 231 1118 338 saepe
1141 233 1461 307 defluunt.
1501 233 1719 301 Etiam
1742 227 2043 325 exiguum
2068 211 2367 319 operculi
2383 207 2583 315 frigus
2596 207 2837 299 efficit,
2862 236 2936 295 ut

514 341 754 412 halitus
771 364 846 410 ex
866 337 996 409 olla
1010 358 1374 436 evaporans
1387 338 1455 403 in
1469 354 1653 425 aquae
1676 326 1958 428 guttulas
1969 314 2365 393 concrescat.

619 466 689 531 9.
744 442 1103 537 QV111.
1155 442 1319 533 Q
1347 455 1563 504 autem
1594 432 1797 527 paolo
1832 426 2084 507 evenit,
2114 440 2186 490 ut
2206 439 2482 516 vapores
2502 410 2941 486 admontium

520 550 673 642 fuga
700 535 1057 611 identidem
1092 531 1481 616 ascendant,
1516 523 2269 623 ramlongumiterprius
2286 518 2711 600 emetientcs‚
2743 512 2946 613 quarn

520 650 590 713 in
622 664 861 739 aquam
897 657 1226 709 vertantur
1248 641 1282 704 ἔ
1321 627 1521 730 Resp.
1555 631 1773 698 Terras
1812 644 2101 696 meatus,
2132 644 2251 719 per
2339 640 2456 686 uos
2498 640 2775 714 vapores
2814 610 2947 685 sur-

524 737 664 814 sum
705 736 985 810 tendunt
1006 789 1028 822 ‚
1065 735 1154 807 eo
1187 728 1389 830 usque
1422 733 1924 801 continuantur:
1956 743 2151 817 atque
2180 714 2306 787 faci
2339 721 2429 785 ‘us
2450 711 2945 813 peristiusruodi

526 862 781 914 meatus
808 862 1013 936 vapor
1042 831 1327 905 ascendit
1344 883 1366 916 ‚
1407 835 1563 928 quia
1580 828 1619 902 ὲ
1636 849 1816 898 terrae
1833 816 2163 923 particulis
2182 812 2566 898 suffulcitur3
2606 812 2803 910 quam
2825 838 2948 911 per

530 941 747 1014 aerem
769 988 791 1024 ,
830 945 1012 1035 cujus
1049 934 1262 1008 fluidae
1298 956 1372 1000 ac
1412 925 1646 1002 molles
1684 919 2018 1025 particula
2047 915 2254 1018 ipsum
2275 920 2367 987 ita
2388 909 2614 985 fulcire
2630 937 2772 985 non
2792 906 2950 1013 pos-

531 1039 698 1114 sunt.
746 1036 999 1107 Eadem
1035 1033 1118 1107 de
1155 1029 1334 1104 causa
1367 1028 1748 1101 alimentum
1780 1020 2031 1093 facilius
2068 1014 2300 1090 sursum
2337 1037 2638 1088 movetur
2669 1037 2786 1113 per
2820 1038 2952 1111 po-

534 1169 641 1215 ros
679 1139 966 1238 stirpium
996 1145 1065 1208 &
1095 1131 1360 1234 segetisg
1383 1127 1584 1228 quam
1603 1152 1720 1227 per
1738 1121 2020 1194 liberum
2041 1129 2187 1191 aera
2207 1168 2230 1205 ,
2263 1113 2442 1187 unde
2458 1116 2595 1216 agri
2614 1105 2951 1185 frumento

534 1251 606 1317 &
641 1236 821 1310 horti
854 1233 1200 1309 arboribus
1233 1229 1463 1304 conliti
1483 1232 1687 1328 magis
1705 1216 2322 1317 emacianturquam
2337 1238 2477 1286 non
2494 1212 2751 1286 confiti.
2797 1214 2955 1283 Par-

535 1367 663 1442 que
694 1332 858 1410 fumi
879 1383 902 1418 ,
931 1336 1162 1408 melius
1186 1358 1302 1433 per
1322 1335 1650 1402 caminum
1663 1327 1865 1424 quam
1878 1347 1997 1424 per
2007 1341 2306 1420 apertum
2317 1312 2913 1413 ae‘remass‘urgentis
2933 1364 2959 1399 ,

535 1446 706 1516 ratio
737 1437 852 1510 est.
905 1443 1197 1536 Suntque
1224 1431 1361 1505 haec
1391 1425 1762 1532 digniffima
1783 1478 1810 1513 ,
1852 1447 1995 1522 quae
2014 1415 2311 1495 observet
2326 1413 2719 1490 naturalium
2737 1438 2958 1486 rerum

653 1667 682 1710 1
695 1665 766 1710 o.
786 1643 941 1739 Q}
957 1641 1044 1707 X.
1075 1632 1375 1734 Qndo
1393 1637 1526 1728 jam
1545 1638 1715 1702 circa
1731 1622 2131 1725 superficiem
2149 1644 2328 1694 terrae
2344 1642 2617 1719 vapores
2636 1622 2705 1689 in
2717 1638 2964 1713 aquam²

544 1738 688 1815 sunt
721 1735 1050 1822 conversi,
1085 1736 1201 1832 qui
1231 1734 1307 1805 fit
1331 1785 1353 1818 ‚
1385 1730 1573 1827 quod
1606 1727 1745 1800 haec
1775 1751 1945 1824 aqua
1975 1725 2216 1795 moxin
2237 1715 2657 1821 conspe6tum
2676 1717 2967 1813 nostrum

545 1839 863 1944 prodeat,
898 1860 1008 1909 aut
1034 1838 1209 1909 certe
1239 1832 1478 1903 latente
1499 1825 1676 1900 cursu
1689 1852 1809 1927 per
1828 1830 1962 1900 vias
1975 1845 2204 1922 parum
2223 1821 2528 1893 distantes
2548 1816 2635 1889 ab
2659 1819 2965 1896 exteriori

544 1940 792 2014 telluris
811 1934 1141 2035 superficie
1163 1935 1501 2014 decurrat3
1540 1953 1653 2000 cur
1669 1951 1811 1999 non
1827 1932 2046 2025 potius
2073 1919 2406 1994 descendit
2425 1925 2664 1991 iterum
2682 1923 2800 2020 per
2819 1911 2967 1986 eos-

547 2039 702 2116 dem
732 2035 885 2107 illos
916 2055 1164 2104 meatus
1184 2086 1207 2118 ,
1232 2055 1348 2131 per
1370 2053 1540 2126 quos
1561 2053 1767 2127 vapor
1786 2022 2157 2096 ascenderat
2175 2029 2210 2092 ἔ
2243 2017 2444 2121 Resp.
2459 2026 2722 2092 Meatus
2748 2014 2840 2085 illi
2852 2041 2976 2114 per

601 2163 723 2211 uos
738 2148 948 2235 'vapor
966 2128 1251 2204 ascendit
1268 2133 1458 2200 nimis
1476 2125 1617 2199 sunt
1634 2125 1883 2227 angusti
1900 2176 1921 2209 ,
1946 2122 2145 2222 quarn
2162 2143 2233 2192 ut
2246 2144 2420 2218 aqua
2433 2145 2553 2231 per
2566 2113 2832 2189 eosdem
2850 2103 2980 2185 cle-⁰-

546 2166 855 2312 ?cendere
898 2232 1136 2307 valeat.
1176 2228 1445 2330 ‚Longe
1483 2234 1655 2300 enim
1692 2228 2024 2300 tenuiores
2066 2246 2388 2322 vaporum
2425 2226 2568 2293 lunt
2598 2215 2970 2318 particulae,

547 2338 753 2441 quam
785 2361 964 2437 aquae
989 2330 1255 2434 guttulae
1275 2385 1296 2418 ,
1328 2329 1504 2407 unde
1539 2335 1608 2400 in
1646 2321 2152 2399 resolutionibus
2171 2320 2483 2419 chymicis
2511 2315 2850 2393 observare
2888 2316 2972 2391 li—

548 2463 660 2515 cet
672 2492 695 2527 ,
730 2435 918 2536 quod
934 2432 1106 2507 mille
1115 2459 1209 2504 nae
1227 2432 1482 2529 aliquot
1499 2432 1753 2531 vaporis
1765 2424 2197 2526 portiunculae
2211 2420 2480 2497 subinde
2496 2425 2598 2496 vix
2615 2425 2810 2492 unam
2827 2439 2979 2519 gut-

554 2548 689 2615 tam
710 2563 824 2612 aut
842 2535 1203 2608 sensibilem
1225 2534 1476 2605 molem
1499 2551 1937 2630 componant.
2301 2596 2304 2601 .

655 2666 762 2714 ιι.
815 2645 914 2732 Q.
945 2642 1034 2709 X.
1089 2633 1451 2735 Qoniam'
1472 2637 1666 2734 igitur
1702 2654 1871 2727 aqua
1899 2654 2015 2730 per
2043 2628 2347 2728 angustos
2369 2646 2550 2696 terrae
2572 2644 2826 2694 meatus
2847 2617 2974 2701 dc·-

551 2739 853 2813 scendere
870 2741 1096 2834 nequit
1118 2790 1140 2823 ‚
1172 2758 1471 2834 perquos
1485 2755 1756 2831 vapores
1773 2724 2113 2801 ascendere
2132 2781 2152 2812 ,
2186 2722 2511 2800 neceffurn
2524 2723 2614 2793 est
2633 2775 2655 2809 ‚
2685 2723 2759 2793 ut
2778 2725 2848 2793 in
2861 2706 2980 2807 eat-s

551 2836 901 2915 terioribus
941 2858 1121 2906 terrae
1152 2836 1442 2931 partibus
1472 2837 1607 2903 vias
1627 2831 2218 2902 inveniatlatiores.
2267 2822 2472 2925 Resp.
2506 2830 2600 2894 lta
2615 2824 2742 2895 estz
2777 2829 2845 2893 δε
2872 2812 2983 2890 hae‘

552 2943 669 3013 viae
684 2933 1213 3033 aquampblique
1232 2930 1586 3002 secundum
1611 2927 1872 3003 vallium
1894 2938 1965 3001 &
1984 2953 2368 3028 camporum
2388 2922 2832 2996 declivitatem
2850 2918 2972 2991 de-

552 3040 843 3114 ducunt:
876 3055 1070 3130 atque
1107 3027 1361 3102 ubiistae
1382 3026 1806 3102 subterraneae
1821 3054 2135 3128 aquarum
2150 3035 2297 3111 viae,
2334 3032 2403 3098 in
2422 3022 2751 3125 superficie
2774 3044 2976 3094 mon-

555 3144 639 3208 tis
658 3188 682 3219 ,
718 3131 822 3207 vel
843 3133 1056 3212 vallis,
1086 3127 1191 3200 vel
1206 3134 1419 3227 campi
1440 3133 1905 3211 terminantur,
1927 3130 2020 3200 ibi
2039 3126 2259 3201 sontes
2277 3121 2666 3211 scaturiunt,
2736 3145 2975 3194 uorum

557 3239 677 3308 rivi
715 3228 900 3301 multi
933 3228 1117 3299 simul
1138 3234 1518 3330 congregati
1544 3228 1816 3299 flumina
1831 3251 2283 3329 componunt,
2318 3250 2565 3327 perque
2588 3147 2976 3295 degiviorcs

554 3335 885 3409 exterioris
916 3353 1095 3402 terrae
1110 3325 1462 3429 superficiei
1481 3352 1699 3428 partes
1722 3335 1789 3400 in
1804 3356 1979 3401 mare
2001 3328 2331 3400 labuntur.
2375 3331 2481 3398 Sic
2503 3323 2810 3396 nimirum
2825 3346 2981 3423 per-⁴

555 3437 826 3506 ennium
858 3426 1145 3505 fontium
1179 3438 1247 3500 &
1280 3428 1634 3500 fluviorum
1670 3452 1853 3527 aquae
1879 3427 1964 3500 ad
2000 3454 2179 3499 mare
2219 3423 2492 3498 tandem
2529 3421 2807 3496 redeunt
2836 3477 2859 3511 ,
2887 3440 2982 3493 ex‘

551 3559 695 3705 guo
719 3536 1004 3629 primum
1040 3550 1369 3613 venerant.
1419 3528 1584 3600 Aliis
1610 3530 1883 3600 interim
1919 3533 2066 3601 rivis
2098 3528 2167 3599 δ’(
2193 3522 2526 3600 fonticulis
2547 3576 2569 3610 ,
2605 3526 2822 3597 minus
2854 3520 2984 3601 diu,

602 3627 905 3704 uentibus
936 3683 958 3718 ‚
1007 3627 1240 3730 pluviae
1285 3651 1507 3699 ortum
1553 3624 1842 3726 praebere
1890 3626 2155 3732 possunt
2193 3679 2217 3714 ‚
2271 3624 2433 3699 ficut
2484 3630 2681 3699 etiam
2727 3620 2983 3713 eaedenr'.

552 3754 868 3843 perennes
916 3726 1136 3801 fontes
1176 3737 1243 3802 δε
1286 3728 1519 3802 fluvios
1554 3752 1798 3827 augent
1845 3772 1874 3808 ‚
1945 3754 2118 3828 quos
2156 3723 2415 3803 fervens
2443 3722 2593 3806 solis
2631 3716 2824 3798 aest‘u's„
2850 3724 2980 3811 rui-3

520 3853 524 3857 ·
558 3851 726 3904 nuit.
2951 3830 2978 3840 ·‘

605 3980 624 3990 Δ·
646 3955 677 4007 ι
696 3958 761 4032 23
782 3932 1068 4057 ⁸(QKI.
1121 3931 1466 4004 Haerenus
1481 3953 1640 4033 ergo
1652 3924 1948 4005 fluviales
1964 3933 2032 4009 ὃς
2052 3916 2359 4019 fontanas
2371 3923 2798 4031 aquas-aimari
2812 3918 2983 4046 praej

1515 4058 1520 4065 ·
2484 4078 2492 4093 a
2781 4046 2974 4125 cipue
