3391 4418
615 150 658 229 8
679 172 724 223 ι
1226 200 1234 211 .
1259 134 1319 218 Ρ
1433 162 1497 218 Η
1617 166 1672 219 Y
1704 174 1709 180 ·
1801 165 1839 223 s
1968 163 2002 217 1
2124 163 2175 217 c
2298 159 2359 214 A
2438 152 2441 157 ’

608 282 730 359 gax
781 252 999 351 aliqua
1048 251 1314 322 flamma
1367 253 1655 320 exoritur
1701 295 1723 327 ‚
1787 275 1933 348 quae
1975 248 2206 349 postea
2240 254 2313 320 in
2348 251 2676 346 majorem
2706 242 3047 320 adolescit.

721 380 790 427 11
812 376 919 448 25.
979 352 1251 421 Cineres
1282 373 1502 420 autem
1536 348 1686 420 cum
1716 353 2053 450 potuerint
2072 347 2349 421 refistere
2385 350 2633 419 adtioni
2656 351 2861 448 ignis,
2892 345 3047 449 pos-

615 452 757 527 sunt
778 460 974 523 etiam
999 448 1302 521 obfistcre
1324 453 1572 520 adtioni
1589 450 1854 522 luminis
1868 447 2207 550 ipsumque
2231 448 2588 521 reflectere.

719 566 917 626 1126.
978 555 1287 647 Cumque
1317 549 1492 622 nulla
1531 576 1813 651 corpora
1844 549 2253 623 refleCkendis
2287 548 2483 620 radiis
2518 548 2722 645 magis
2759 567 2909 645 apta
2932 543 3053 618 sint

621 653 823 751 quam
839 649 989 721 alba
1011 705 1032 737 ‚
1073 651 1248 722 nulla
1273 657 1486 722 minus
1505 651 1703 748 quam
1725 659 1905 753 nigra
1925 654 1986 753 §.
2005 662 2172 741 946.
2191 649 2319 747 seq.
2357 652 2589 718 Cineres
2607 644 2877 742 quidem
2897 648 3013 715 albi
3032 699 3055 731 ‚

637 794 644 799 -
729 778 757 823 1
782 779 805 822 1
825 778 934 847 27.
993 751 1273 820 carbones
1314 775 1534 823 autem
1581 755 1731 845 nigri
1752 750 1930 824 sunt:
1972 756 2186 824 omnis
2207 755 2385 821 enim
2420 773 2655 819 eorum
2685 743 3054 846 superficies

620 852 948 950 particulis
964 846 1363 923 terrestribus
1385 848 1804 923 mollioribus
1824 856 2132 924 contetSka
2154 851 2245 922 est
2261 902 2283 935 ,

729 979 754 1022 1
776 979 804 1025 1
824 954 933 1026 28.
989 958 1160 1050 Qae
1192 976 1464 1049 propter
1480 948 1654 1047 suam
1679 952 2186 1025 teneritudinem
2205 974 2341 1022 tam
2359 974 2591 1048 parum
2620 943 2936 1037 obsistunt
2953 972 3053 1017 ea-

624 1049 745 1125 diis
760 1050 1057 1127 luminis,
1091 1074 1162 1121 ut
1177 1078 1292 1123 eos
1318 1048 1637 1122 luffocent
1662 1055 1718 1128 §.
1753 1064 1913 1125 206.

735 1177 940 1240 ¹129·
995 1150 1318 1222 Mollities
1354 1151 1609 1223 illarum
1641 1152 2106 1252 particularum
2128 1149 2282 1225 inde
2302 1148 2660 1252 probatur,
2699 1141 2890 1244 quod
2910 1167 3063 1214 car.

620 1248 831 1324 bones
866 1276 1003 1323 tam
1034 1246 1225 1322 facile
1259 1250 1630 1353 ignescunt,
1673 1276 1907 1354 utpote
1942 1274 2229 1352 quorum
2248 1260 2461 1353 partes
2475 1259 2609 1349 jam
2629 1272 2775 1320 ante
2789 1241 3058 1318 fuerunt

619 1376 999 1427 aommotae.
1052 1345 1263 1422 Conf.
1286 1354 1347 1451 §.
1377 1379 1402 1423 1
1427 1381 1500 1425 12
1517 1381 1577 1445 5.

722 1480 749 1526 1
774 1480 798 1524 1
822 1478 929 1542 30.
980 1455 1191 1549 Atqui
1207 1452 1616 1550 praecedente
1635 1450 1889 1523 ustione>
1899 1452 2226 1552 particula:
2240 1449 2366 1522 istae
2380 1475 2517 1523 non
2540 1444 2681 1521 sunt
2701 1443 3050 1523 absumtaes

619 1558 773 1649 quia
788 1552 1001 1652 longis
1021 1558 1091 1622 &
1112 1550 1580 1653 multiplicil'ms
1599 1557 1794 1623 ‘ramis
1819 1551 2193 1652 implexaesi.
2213 1579 2271 1622 11
2287 1577 2382 1621 21⁷.

724 1677 749 1721 1
774 1676 799 1721 1
822 1677 848 1742 3
876 1677 901 1722 1
915 1702 934 1721 .
975 1655 1056 1721 Et
1075 1653 1644 1748 quemadmodum
1664 1649 1985 1723 carbones
2003 1658 2186 1753 nigri,
2206 1651 2553 1750 postquam
2573 1647 2911 1721 molliores
2927 1644 3059 1719 illae

612 1750 943 1849 particulae
968 1748 1260 1848 separata:
1277 1749 1452 1837 lunt,
1494 1757 1562 1823 in
1587 1755 1832 1822 cineres
1857 1750 2044 1847 albos
2060 1748 2477 1862 rediguntur:

657 1882 660 1886 ⁴
712 1879 738 1922 1
764 1878 927 1941 132.
977 1855 1085 1923 Sic
1117 1876 1379 1951 pannus
1421 1853 1628 1924 lineus
1646 1849 1841 1941 radiis
1861 1847 2007 1924 solis
2024 1860 2344 1951 expolitus
2368 1845 2736 1935 dealbatur,
2755 1844 3057 1948 separatis
3097 1878 3101 1884 ·

612 1950 946 2049 particulis
965 1950 1375 2025 tenuioribus
1394 2005 1415 2038 ,
1449 1977 1592 2050 quae
1603 1954 1879 2049 nigroris
1897 1948 2197 2025 fimilisve
2227 1950 2467 2022 colotis
2489 1949 2687 2020 causae
2702 1972 2910 2022 erant.

788 2096 872 2181 X
893 2095 1035 2183 XI
1053 2097 1163 2184 X.
1225 2095 1340 2177 Ab
1371 2114 1548 2213 Igne
1571 2100 1901 2181 emollitio
1920 2099 2394 2195 &induratio
2410 2159 2440 2199 ,
2467 2102 2907 2216 liquqfitHiq-

1092 2215 1186 2310 ἀ
1203 2214 1571 2318 exstccatio
1589 2272 1619 2312 ,
1633 2216 1922 2322 fumus.
1979 2226 2177 2329 Ignis
2196 2216 2581 2325 destinatio.

639 2368 745 2441 ,ιι
769 2371 794 2436 5
819 2370 880 2436 5.
909 2346 1007 2416 11.
1031 2348 1195 2515 SI
1227 2369 1513 2447 corpora
1536 2348 1823 2420 conflata
1841 2348 1981 2423 sunt
1996 2376 2072 2421 ex
2093 2350 2424 2450 particulis
2440 2404 2460 2438 ,
2502 2377 2779 2448 quarum
2799 2348 2898 2423 hae
2910 2377 3053 2425 non
3170 2369 3181 2376 '

1163 2445 1376 2518 multo
1401 2444 1733 2522 difficilius
1747 2449 1942 2548 quam
1962 2450 2084 2522 illa:
2100 2454 2136 2520 a
2158 2456 2380 2525 vicinis
2399 2445 2802 2553 separantur,
2830 2475 2904 2523 ut
2914 2454 3053 2554 gla-

613 2545 744 2619 oies
763 2598 782 2627 ‚
818 2571 964 2618 cera
987 2598 1007 2632 ‚
1030 2544 1422 2648 plumbum3
1685 2548 1689 2552 ⁴

715 2671 739 2717 1
766 2670 790 2714 1
811 2674 916 2740 34,
978 2653 1134 2747 Igne
1160 2652 1383 2746 primo
1429 2646 1701 2745 quidem
1736 2652 2052 2750 pleraque
2091 2653 2449 2724 emolliuntur
2471 2705 2494 2738 ‚
2534 2651 2697 2725 dum
2721 2654 3051 2756 particula:

606 2770 837 2818 eorum
858 2752 1179 2847 agitantur
1198 2749 1468 2845 quidem
1491 2789 1516 2826 2
1534 2775 1677 2827 non
1691 2750 2064 2852 separantur
2086 2776 2306 2825 tamen
2321 2806 2344 2838 ‚
2366 2757 2519 2824 utin
2534 2779 2704 2842 cera,
2724 2782 2923 2847 manu
2938 2781 3049 2827 ca-

605 2845 742 2918 lida
758 2896 780 2931 ,
814 2843 990 2917 ferro
1010 2853 1224 2944 ignito
1248 2872 1540 2946 apparet.

717 2968 746 3013 1
771 2969 792 3011 1
817 2969 843 3031 5
865 2969 928 3036 5.
984 2944 1247 3014 Deinde
1285 2949 1443 3017 vero
1464 2953 1614 3045 igne
1647 2944 1886 3025 fortius
1904 2977 2133 3052 agente
2153 2956 2458 3052 liquefiunt
2480 3007 2501 3040 ,
2539 2953 2673 3025 hoc
2691 2957 2818 3042 est,
2848 2963 3048 3055 parti-

605 3038 764 3118 culae
782 3066 1013 3113 eorum
1033 3068 1173 3112 non
1198 3039 1407 3115 solum
1420 3045 1490 3115 in
1507 3042 1736 3143 aliquo
1750 3071 1909 3119 motu
1931 3054 2408 3127 constituuntur
2428 3109 2451 3139 ,
2489 3055 2720 3128 verum
2736 3065 2934 3129 etiam
2947 3054 3043 3128 se-

573 3157 579 3164 ’
601 3166 913 3241 parantur
933 3192 955 3227 ,
993 3142 1171 3239 quod
1188 3148 1475 3242 pertinet
1492 3143 1577 3215 ad
1592 3144 1803 3217 litum.
1858 3147 2199 3320 Confer}
2214 3181 2335 3227 102
2349 3180 2389 3242 7
2407 3202 2427 3223 .

643 3241 650 3246 ’
713 3266 741 3313 r
765 3267 788 3308 1
812 3268 837 3331 5
858 3252 924 3313 6.
982 3247 1198 3339 Atque
1214 3242 1259 3314 fi
1278 3266 1487 3318 tantus
1504 3245 1595 3316 est
1612 3245 1864 3319 illatum
1876 3257 2129 3350 particu
2156 3279 2339 3323 arum
2355 3276 2578 3325 motus
2598 3300 2621 3335 ‚
2654 3278 2725 3328 ut
2740 3253 3043 3354 quaedam

602 3364 680 3410 ex
699 3341 779 3410 iis
794 3347 862 3412 ιἰι
883 3344 1101 3412 ae'rem
1125 3342 1224 3413 vel
1246 3348 1463 3442 ignem
1481 3348 2060 3447 vertantur,ficque
2077 3349 2225 3447 plus
2245 3349 2444 3423 solito
2463 3348 2645 3452 spatii
2670 3356 2749 3426 ad
2774 3380 3038 3429 motum

599 3435 1319 3516 fiiumcontinuandum
1335 3451 1437 3519 exi
1485 3469 1665 3520 entes
1684 3444 1836 3521 alias
1856 3447 2178 3549 expellant
2198 3501 2220 3536 ‚

702 3565 778 3614 11
798 3570 824 3637 3
841 3566 913 3628 7.
968 3545 1281 3641 Corpora
1302 3545 1415 3617 ista
1457 3546 1680 3641 iquida
1703 3542 2124 3627 effervestunt
2141 3559 2212 3624 &
2234 3547 2539 3623 bulliunt.

697 3661 827 3729 1:13
843 3647 909 3714 8.
964 3641 1342 3739 Efflrvescunt
1360 3643 1666 3743 aequabili
1686 3654 1945 3722 ratione
1968 3649 2098 3724 fine
2114 3676 2352 3753 magna
2367 3647 2895 3750 perturbatione,
2916 3651 3039 3727 ubi

591 3744 862 3811 materia
878 3763 1017 3816 non
1039 3742 1128 3814 est
1148 3742 1335 3818 valde
1349 3741 1790 3845 heterogenea
1811 3803 1829 3832 ,
1867 3775 1938 3823 ut
1963 3753 2030 3821 in
2049 3777 2214 3850 aqua
2276 3775 2385 3822 uta
2399 3799 2423 3834 ,
2464 3755 2652 3822 vino.

693 3863 815 3930 113
832 3864 900 3927 9.-
959 3842 1048 3912 At
1071 3842 1302 3916 bulliunt
1323 3842 1582 3945 insuper
1599 3900 1626 3933 ‚
1653 3846 1769 3920 ubi
1786 3857 2060 3921 materia
2104 3852 2204 3925 val
2259 3879 2292 3923 e
2328 3848 2769 3948 heterogenea
2795 3858 2885 3927 est
2907 3910 2929 3942 ,
2955 3860 3037 3925 δε

581 3935 1137 4042 fluxumvolatuis
1155 3966 1248 4016 ac
1280 3941 1616 4051 [pirituosa
1629 3953 1938 4054 ,partim
1961 3947 2210 4031 viscosa
2226 3946 2400 4027 tubi
2414 3946 2731 4040 &volatili
2754 3954 3050 4028 materia·

1059 4087 1060 4090 ¹
2763 4054 3028 4156 spiritus
