3391 4418
562 132 717 232 288
1341 107 1433 200 T
1506 137 1573 198 H
1642 129 1698 192 Β.
1777 131 1834 192 o
1905 129 1966 192 ι
2039 139 2077 196 1
2154 114 2214 199 'A'

648 260 768 319 60.
818 243 900 314 Et
936 250 1209 339 propter
1240 222 1502 300 easdem
1537 222 1751 299 causas
1785 220 2055 323 glandes
2085 250 2162 296 ac
2195 247 2398 297 nuces
2430 223 2937 328 &putaminibus
2957 219 3015 323 ξ’

550 343 798 452 grana&
818 340 1001 441 spicis
1018 390 1041 422 ‚
1069 328 1201 433 pisa
1218 324 1586 404 &folliculis
1605 381 1628 413 ‚
1656 321 1772 397 ubi
1791 348 2163 397 maturuere
2184 380 2207 410 ,
2239 323 2655 403 delabuntur.

656 460 763 522 61.
823 446 992 515 Haec
1024 457 1244 506 autem
1263 482 1288 515 ,
1320 454 1466 526 quae
1486 426 1568 500 de
1585 427 1874 525 stirpium
1900 420 2077 500 foliis
2090 434 2160 500 δε
2175 424 2494 502 fructibus
2507 435 2600 502 ita
2620 428 2991 508 decidenti-

556 551 682 625 bus
700 547 877 617 diua
890 535 1068 612 fuere
1085 586 1110 619 ‚
1146 535 1343 603 eriam
1359 529 1444 601 ad
1462 526 1840 602 animalium
1859 524 2030 626 pilos
2051 571 2076 606 ‚
2096 526 2356 630 plumas
2373 574 2396 611 ‚
2415 556 2712 631 pennas,
2735 560 2991 609 cornua

560 645 934 726 delabentia
946 640 1143 708 liceat
1160 630 1508 732 applicare.
2346 702 2351 707 ,

666 761 710 820 6
723 775 787 817 2.
835 737 1090 813 Similes
1125 757 1398 830 quoque
1439 725 1713 805 effectus
1738 730 1788 801 a.
1806 728 2030 801 laxatis
2050 733 2233 827 poris
2262 732 2584 804 oriuntur.
2638 738 2724 807 Iis
2743 741 2997 839 quippe

564 847 844 922 dilatatis
862 836 1050 939 quod
1065 839 1361 905 innatum
1377 832 1467 903 est
1486 876 1510 911 ,
1541 830 1657 903 nifi
1678 826 1865 901 fimul
1886 828 2190 901 dilatetur
2208 883 2232 916 ‚
2262 825 2457 903 facile
2471 831 2733 909 excidit.

662 959 767 1044 63.
819 947 921 1016 Ita
954 937 1107 1009 cum
1148 933 1366 1006 aestivo
1402 930 1602 1030 quam
1640 927 1921 1004 hiberno
1937 952 2237 1029 tempore
2256 955 2508 1004 meatus
2524 937 2687 1006 cutis
2704 931 2827 1024 siut
2850 962 3002 1011 am-

562 1049 847 1154 pliores,
887 1031 1125 1137 (quod
1152 1038 1349 1105 etiam
1389 1032 1474 1104 de
1508 1055 1692 1130 aquae
1731 1053 2225 1131 corporumque
2256 1032 2535 1103 aliorum
2555 1037 2739 1130 poris
2763 1060 2995 1110 verum

562 1150 697 1244 est)
732 1141 933 1247 pelles
975 1136 1362 1215 bestiarum,
1400 1156 1546 1232 quae
1577 1132 1785 1203 aestate
1821 1135 2198 1218 excoriatae,
2236 1129 2412 1232 pilos
2432 1129 2762 1233 difficilius
2778 1144 2998 1211 couti-

559 1269 757 1323 nent.
909 1301 921 1308 ,

664 1357 780 1444 64.
828 1337 1141 1416 Similiter
1179 1331 1407 1408 dentes
1435 1332 1810 1434 junioribus·
1836 1332 2134 1405 excidere
2166 1355 2482 1434 putantur
2510 1378 2534 1415 ,
2581 1331 2852 1431 quaudo
2894 1334 2996 1407 al.

557 1446 740 1526 ‘veoli
762 1499 786 1532 ‚
805 1437 1042 1544 quibus
1059 1433 1283 1510 inclufi
1299 1489 1321 1526 ,
1340 1437 1547 1535 magis
1570 1437 1588 1502 i
1594 1431 1718 1533 pfis
1734 1429 2023 1506 crescunt
2040 1441 2106 1506 δε
2127 1433 2537 1532 ampliantur.
2591 1432 2738 1505 Nisi
2759 1443 2822 1506 δι
2841 1432 2996 1507 huic

553 1545 825 1623 effectui
862 1562 1292 1615 communem
1323 1560 1478 1610 cum
1512 1540 1738 1634 pomis
1760 1540 1828 1606 δε
1850 1531 2124 1607 nucibus
2146 1529 2608 1606 decidentibus
2631 1529 2885 1607 causam
2898 1533 3000 1608 as.

565 1647 819 1752 figuare
840 1640 1046 1715 malis.
1307 1719 1315 1724 ,
2749 1729 2754 1730 ἦ

667 1759 716 1819 6
724 1770 787 1847 ς.
830 1741 1088 1819 Verum
1116 1737 1202 1810 de
1239 1757 1456 1807 morte
1490 1736 1846 1804 viventium
1877 1757 1947 1805 ut
1961 1732 2223 1833 plenius
2248 1735 2662 1821 erudiamur,
2700 1739 3004 1838 cogitau-

563 1849 729 1924 dum
744 1846 837 1919 est
857 1896 881 1932 ‚
914 1839 1208 1916 calorem
1226 1841 1297 1905 in
1311 1829 1681 1907 viventibus
1700 1884 1721 1912 ,
1741 1834 2061 1930 quamdiu
2078 1839 2300 1909 vivunt
2317 1888 2339 1922 ‚
2373 1835 2695 1911 continuo
2720 1862 2910 1938 agere
2930 1843 3002 1911 in

564 1947 919 2021 humidum
939 1986 962 2021 ‚
1002 1935 1343 2038 ipsumque
1359 1927 1730 2004 absumere.'
1744 1935 1802 2009 §.
1831 1957 1858 2002 1
1876 1939 1942 2004 8.

666 2049 786 2120 66.
838 2034 1328 2137 Qamobrem
1372 2055 1971 2132 temperamentum
2014 2039 2370 2109 viventium
2410 2029 2723 2135 paulatim
2766 2032 3005 2113 [iccius

568 2143 794 2226 evadit
814 2197 839 2233 ‚
865 2141 955 2213 ad
970 2137 1162 2209 instar
1177 2137 1384 2206 carnis
1405 2186 1427 2221 ‚
1457 2157 1599 2230 quae
1620 2136 1755 2234 igni
1777 2129 2051 2204 admota
2065 2132 2313 2209 aflatur.
2414 2140 2418 2144 ’
2773 2131 2778 2134 ’

670 2258 789 2344 67.
836 2247 937 2316 Ac
975 2235 1157 2311 ficuti
1189 2261 1343 2307 caro
1374 2230 1854 2306 vehementiori
1894 2242 2026 2335 igni
2066 2242 2336 2337 propius
2369 2234 2646 2309 admota
2682 2244 3002 2315 exteriore

565 2345 844 2449 quidem
874 2337 1207 2439 superficie
1240 2332 1606 2407 amburitur
1627 2378 1650 2411 ‚
1677 2333 2097 2409 interioribus
2121 2359 2341 2410 autem
2363 2335 2658 2439 partibus
2687 2363 2828 2413 non
2850 2336 3001 2417 satis

567 2449 980 2548 excoquiturt
1018 2446 1109 2513 ita
1144 2436 1548 2538 quandoque
1590 2438 1919 2536 contingit
1950 2440 2092 2512 uvis
2110 2436 2369 2539 aliisque
2380 2437 3001 2540 plantarumfruffl-

567 2547 692 2624 bus
708 2601 732 2636 ,
777 2544 939 2624 dum
957 2542 1240 2615 nimium
1261 2537 1429 2611 Solis
1448 2536 1666 2610 aestum
1685 2541 2044 2635 patiuntur.
2365 2568 2368 2573 >
2851 2610 2868 2617 ,

662 2649 783 2727 68.
831 2639 1400 2744 thueintelligas
1420 2690 1442 2724 ,
1470 2636 1826 2736 quomodo
1848 2635 1964 2738 ipsi
1983 2646 2179 2713 etiam
2204 2639 2408 2743 pisces
2428 2644 2500 2712 in
2523 2665 2692 2740 aqua
2706 2636 2999 2718 viventes
3079 2686 3082 2689 ι

564 2744 908 2856 progressu
931 2770 1062 2820 tem
1116 2748 1250 2815 'oris
1268 2738 1660 2812 exficcentur
1679 2788 1705 2825 ,

665 2857 785 2939 69.
835 2844 1041 2920 Confi
1095 2868 1203 2914 era
1220 2893 1244 2927 ,
1276 2840 1438 2912 elixa
1455 2890 1479 2925 ,
1500 2836 1823 2911 subducko
1843 2837 2116 2911 naturali
2131 2867 2252 2940 per
2264 2848 2648 2917 costionem
2664 2838 2947 2915 humore
2970 2894 2998 2928 ‚

564 2946 711 3021 assis
740 2970 1009 3047 quoque
1034 2945 1301 3014 sicciora
1333 2937 1545 3017 reddi.
1596 2939 1707 3009 Ne
1728 2934 1944 3010 dicam
1964 2937 2046 3010 de
2067 2939 2256 3040 lignis
2273 2996 2295 3029 ,
2336 2970 2481 3042 quae
2499 2952 2568 3017 jn
2589 2936 2827 3044 aquam
2841 2969 3002 3044 pto-

560 3052 739 3149 jecta
754 3101 778 3135 ,
807 3045 954 3147 post
972 3043 1216 3141 justum
1241 3042 1558 3137 temporis
1573 3036 1982 3110 intervallum
2007 3042 2164 3116 inde
2185 3041 2452 3117 ficciora
2470 3045 2872 3125 educuntur.

717 3175 786 3218 0.
826 3150 898 3216 Si
916 3144 1253 3219 flammam
1267 3163 1430 3210 cerae
1446 3137 1549 3210 vel
1561 3135 1716 3210 sevo
1732 3136 2174 3215 adhaerentem
2192 3135 2455 3245 augeas,
2475 3148 2666 3221 citius
2689 3136 2871 3214 suum
2894 3139 3005 3215 illa

562 3244 655 3321 ab
683 3266 862 3317 umet
945 3239 1244 3325 abulurm
1290 3237 1540 3311 Eadem
1573 3242 1825 3309 ratione
1848 3236 2068 3313 calido
2090 3241 2472 3319 extrinsecus
2503 3247 2605 3321 vel
2621 3238 3002 3317 intrinsecus

566 3344 752 3448 supra
772 3268 1057 3415 mogum
1079 3339 1364 3412 adaucto
1390 3393 1412 3427 ‚
1455 3342 1741 3412 viventia
1756 3363 2057 3438 pereunt.
2903 3334 2911 3343 ”

657 3472 766 3545 71.
812 3446 924 3520 Sic
938 3444 1153 3513 nimio
1169 3438 1341 3514 Solis
1360 3439 1509 3511 aestu
1532 3439 1752 3538 stirpes
1774 3435 2280 3513 consumuntur:
2298 3450 2366 3516 &
2389 3449 2504 3543 qui
2519 3450 2749 3521 vinum
2765 3444 3000 3521 infanti

558 3546 673 3623 ’ecl
690 3571 869 3647 equo
887 3543 980 3616 lar
1027 3542 1126 3615 ius
1145 3544 1457 3641 propinat
1479 3584 1505 3617 2
1544 3545 1749 3612 vitam
1764 3565 1994 3611 eorum
2013 3538 2396 3618 abbreviat:

658 3673 704 3743 7
718 3672 780 3719 2.
831 3651 925 3719 Ex
954 3569 1064 3716 ifia
1098 3647 1297 3743 igitur
1322 3637 1555 3712 caloris
1574 3644 1643 3711 in
1666 3636 2012 3712 humidum
2034 3666 2171 3713 non
2193 3636 2339 3719 (atis
2359 3644 2723 3723 restitutum
2738 3655 3006 3724 afflone

553 3751 859 3843 corporis
878 3747 1154 3818 viventis
1173 3763 1317 3813 mors
1330 3743 1610 3811 naturalis
1627 3740 1897 3812 taudem
1914 3736 2227 3839 sequitur.
2365 3810 2368 3811 γ

655 3868 786 3946 73.
833 3843 1023 3918 Licet
1052 3843 1333 3943 plurima
1368 3838 1673 3940 quotidie
1708 3860 1863 3913 ante
1901 3839 2066 3914 illud
2087 3869 2226 3922 nou
2259 3845 2590 3948 impeditae
2610 3836 2872 3920 aliun'de
2891 3874 3015 3921 m-

570 3968 726 4021 rurae
745 3967 1005 4046 tempus
1022 3946 1269 4016 violenta
1293 3963 1510 4017 morte
1523 3940 2031 4042 exstinguantur.
2413 3968 2420 3975 ·
2741 3944 2748 3947 ‘

2653 4045 2748 4120 V.
2794 4049 3034 4122 ufta..
