3391 4418
974 115 2169 206 anucixvll.
2554 145 2795 238 1167

360 222 644 341 angulos
672 286 695 321 ,
750 256 925 332 quos
943 232 1071 304 istae
1098 239 1384 333 majores
1404 227 1497 303 ob
1519 229 1772 305 molem
1806 227 1983 307 suam
2001 258 2340 333 nequeunt
2360 236 2647 338 ingredi,
2705 267 2815 315 ut-

365 364 529 441 pote
546 364 691 437 quae
706 332 871 407 nihil
890 332 1064 406 aliud
1086 329 1338 406 faciunt
1354 377 1378 410 2
1432 332 1630 430 quam
1655 334 1844 433 quod
1866 334 2195 409 celeritate
2225 332 2316 408 sui
2349 363 2575 411 motus
2592 340 2804 432 majo-

365 466 438 512 re
476 465 588 512 aut
618 443 876 510 minore
907 431 970 505 se
1002 431 1525 508 accommodant
1568 433 1654 509 ad
1699 434 1923 519 locum
1973 435 2438 538 occupandum
2473 443 2812 541 angustio-

365 566 510 612 rem
532 563 645 611 aut
664 539 962 610 latiorem
981 588 1004 621 ,
1060 535 1298 638 figuras
1320 558 1541 608 autem
1564 531 1702 609 suas
1720 563 1859 610 non
1886 561 2019 610 tam
2034 534 2225 610 facile
2246 563 2534 612 mutant.

461 661 499 712 ἰ
515 643 584 714 6.
635 642 877 736 Neque
898 635 1196 708 dubitare
1218 636 1377 709 licet
1398 632 1556 734 q'uin
1573 637 1689 710 fiat
1710 637 2054 711 indefinita
2088 637 2223 710 haec
2241 645 2528 712 matetiae
2543 635 2805 728 divisio,

359 744 679 840 quoniam
731 735 1081 810 necessario
1136 735 1420 836 {equitur
1447 761 1525 808 ex
1555 735 1727 813 clare
1759 736 1952 811 nobis
1985 737 2321 839 perspesta
2352 763 2578 814 natura
2608 737 2805 842 ipsius

358 845 644 917 matetiae
662 894 683 923 ‚
735 865 879 939 quae
908 863 1126 939 partes
1145 858 1321 910 extra
1336 861 1555 938 partes
1583 835 1828 939 pofitas
1847 838 2110 933 obtinet
2126 884 2149 920 ,
2193 839 2321 912 five
2343 885 2367 918 ,
2390 867 2538 939 quae
2556 848 2624 914 in
2648 842 2805 916 lon-

358 968 551 1045 gum,
578 940 784 1017 latum
816 950 890 1012 &
921 934 1328 1036 profundum
1360 939 1450 1008 est
1487 938 1757 1013 extensa.
1817 938 2181 1013 Fatendum
2210 945 2470 1011 interim
2505 940 2756 1040 semper
2779 995 2803 1029 ,

349 1038 714 1119 istiusmodi
734 1036 1117 1111 divifionem
1136 1091 1158 1125 ,
1209 1061 1528 1136 quantum
1545 1036 1629 1110 ad
1645 1038 1929 1116 modum
1948 1046 2180 1115 attinet
2195 1083 2221 1117 ‚
2254 1040 2293 1111 εὶ
2316 1062 2538 1111 mente
2557 1044 2800 1120 nostia,

354 1166 593 1245 utpote
611 1141 795 1213 finita
818 1187 842 1221 ,
878 1162 1017 1217 non
1089 1136 1218 1210 osst:
1240 1137 1747 1235 comprehendi.
2335 1207 2341 1214 .

460 1268 578 1330 17.
630 1232 1046 1312 Occafionet
1068 1234 1275 1307 ieseos
1311 1234 1604 1311 secundae
1621 1240 1969 1337 quaeritur,
2014 1266 2095 1313 an
2128 1242 2289 1313 detur
2311 1242 2497 1311 etiam
2533 1261 2712 1312 motus
2744 1245 2805 1313 in

353 1339 627 1436 inflanti,
658 1360 734 1406 ut
767 1334 1132 1431 lo’quuntut
1164 1387 1187 1421 ,
1237 1332 1346 1407 seu
1360 1360 1739 1419 momento.
1776 1336 2264 1436 Resp.Motum
2305 1362 2534 1413 natura
2552 1335 2657 1410 sua
2680 1338 2803 1413 effe

358 1430 946 1513 enssuccessivum‚
968 1433 1161 1531 quod
1232 1456 1396 1517 artes
1420 1429 1624 1519 habet
1644 1438 1714 1503 in
1734 1457 2064 1531 perpetuo
2102 1438 2319 1522 fluxu,
2370 1463 2504 1509 nun
2553 1462 2703 1510 uam
2721 1436 2808 1508 fi-

360 1532 508 1607 mul
526 1532 880 1602 existentes.
933 1538 1019 1603 Et
1035 1459 1325 1603 anuclest
1342 1574 1366 1612 ‚
1418 1552 1684 1605 motum
1713 1525 1838 1598 effi:
1859 1551 2438 1621 momentaneum3
2477 1464 2651 1610 azad
2669 1542 2805 1618 ,in-

362 1654 465 1706 ter
498 1626 1028 1713 recess'umunius
1050 1646 1347 1721 corporis
1379 1628 1608 1695 eloco
1646 1632 1720 1697 δε
1752 1624 2071 1700 acceffitm
2111 1630 2368 1705 alterius
2401 1660 2484 1708 co
2565 1645 2695 1711 oris
2716 1636 2804 1710 ad

356 1727 931 1812 eundemlocum,
981 1722 1226 1796 nullum
1266 1743 1682 1811 momentum
1716 1728 2076 1826 interponi.
2145 1731 2447 1806 Acceffus
2479 1661 2582 1809 ille
2612 1738 2803 1838 aeque

357 1856 438 1904 ac
452 1825 724 1909 teceffus
760 1850 981 1899 motus
1000 1823 1162 1898 sune
1175 1817 1521 1897 succeffivi.
1576 1827 1670 1897 At
1700 1832 2018 1925 quoniam
2038 1824 2229 1902 fimul
2249 1834 2518 1908 existunt
2539 1846 2611 1912 &
2637 1865 2800 1912 con-

360 1954 628 2005 currunt
650 1983 671 2016 ‚
719 1927 971 2001 nullum
992 1932 1161 2001 inter
1176 1951 1294 1999 eos
1315 1949 1733 2002 momentum
1762 1927 2113 2006 intetcedit
2145 1983 2171 2018 ‚
2223 1932 2380 2009 etun
2402 1962 2682 2014 vacuum
2700 1964 2796 2022 ne

357 2054 711 2105 momento
730 2027 1002 2128 quidem
1016 2026 1220 2101 ullum
1239 2026 1450 2100 detur.
1719 2100 1723 2115 ,
1817 2068 1826 2075 -
2614 2026 2619 2036 ’
2766 2084 2771 2089 ,

459 2159 489 2207 1
505 2138 569 2202 8.
624 2138 718 2201 At
734 2136 950 2229 inquis
966 2184 989 2217 ‚
1010 2128 1238 2202 lumen
1258 2134 1327 2203 in
1361 2131 1771 2206 momento-i
1787 2132 1945 2207 Sole
1965 2131 2052 2205 ad
2085 2156 2322 2208 tetram
2345 2145 2417 2211 δε
2435 2163 2556 2238 per
2573 2159 2789 2213 totum

353 2232 595 2307 coelum
619 2228 1004 2304 diffunditur
1022 2276 1046 2309 2
1105 2258 1251 2330 quae
1266 2229 1526 2306 diffusio
1550 2260 1692 2308 non
1709 2231 1840 2305 fine
1858 2245 2053 2307 motu
2079 2237 2191 2312 est.
2250 2234 2446 2338 Resp.
2467 2237 2644 2314 aliud
2674 2240 2787 2323 est,

350 2357 612 2406 motum
627 2332 768 2401 fieri
790 2335 862 2402 in
877 2355 1227 2403 momento
1255 2331 1471 2417 ·,aliud
1491 2388 1514 2420 ,
1541 2360 1693 2408 eum
1715 2334 2033 2430 transmitti
2048 2337 2109 2405 in
2123 2356 2428 2409 momento.
2480 2343 2642 2409 Hoc
2658 2364 2789 2437 po-

354 2433 577 2501 sterius
596 2432 919 2596 contipfft
932 2431 1086 2502 esim
1103 2456 1202 2501 ex.
1221 2456 1318 2528 gr.
1337 2432 1534 2505 altera
1550 2431 1771 2507 baculi
1786 2436 2191 2508 extremitate
2211 2457 2399 2506 mota
2426 2432 2618 2524 ‘fimul
2636 2462 2789 2507 mo-

352 2552 541 2603 vetur
556 2526 777 2598 altera.
894 2553 1044 2625 mpe
1063 2527 1341 2599 fibaculi
1362 2555 1731 2608 extremum
1744 2534 2020 2606 alterum
2036 2537 2358 2616 Lunam‚a
2481 2560 2595 2604 um
2609 2537 2793 2604 Tet-

337 2655 489 2718 ,tam
509 2630 857 2726 attingeret
873 2678 898 2711 ,
926 2623 1169 2696 eodem
1183 2624 1437 2724 prorsus
1459 2653 1764 2730 tempore
1779 2654 1997 2720 motus
2010 2654 2155 2727 pars
2177 2627 2368 2723 quaeli
2419 2653 2485 2699 et
2523 2628 2790 2701 sentite-

347 2729 536 2804 tutin
557 2751 892 2824 tetta,quo
915 2724 1471 2827 produceretutin
1492 2734 1703 2803 Luna.
1752 2726 1963 2805 Simili
1976 2732 2230 2801 tatione
2253 2739 2799 2803 momentaneam·

255 2891 266 2900 .
345 2829 610 2906 luminis
625 2831 1178 2930 propagationem
1198 2825 1513 2928 explicate
1529 2829 1719 2908 licet⁴

1081 3018 1211 3099 JD
1274 3042 1306 3096 1
1372 3044 1544 3104 sp,
1649 3016 2038 3114 XVIII.

457 3157 695 3234 Deum
712 3145 848 3262 effi
848 3151 1295 3263 primariam
1314 3167 1613 3235 motus
1634 3157 1948 3264 causam:
1983 3150 2074 3250 ἀ·
2093 3150 2673 3269 eandemstmper

724 3288 956 3348 motus
974 3272 1459 3378 quantitatem
1477 3275 1560 3352 'm
1579 3272 1930 3381 universi>
1946 3265 2390 3376 conservare.
2417 3361 2425 3369 ἱ

349 3465 415 3514 1.
458 3448 658 3621 O
681 3441 960 3515 Mnisde
998 3445 1206 3515 Motu
1226 3441 1581 3520 dissertatio
1621 3442 1890 3540 Phyfica
1909 3440 2104 3517 divisa
2123 3444 2214 3515 est
2254 3445 2322 3514 in
2338 3465 2552 3543 partes
2580 3440 2774 3529 duaS,

688 3568 965 3640 quarum
979 3543 1181 3642 ¹altera
1192 3564 1463 3621 naturam
1482 3556 1552 3620 δε
1573 3542 1907 3619 eflentiam
1922 3544 2058 3639 ejus
2075 3542 2397 3644 explanat,
2412 3544 2615 3615 altera
2638 3564 2778 3615 cau-

324 3638 460 3736 sstm
481 3641 907 3717 demonstrat.

442 3769 508 3813 2.
557 3746 835 3816 Causam
855 3743 1140 3844 intellige
1162 3770 1298 3816 non
1332 3748 1622 3819 internam
1653 3777 1679 3833 3
1706 3768 2042 3842 quamcun
2093 3769 2174 3816 ue
2197 3748 2375 3815 enim
2390 3742 2775 3846 affignabiS,

330 3837 461 3916 five
481 3852 848 3926 materiam,
875 3841 1003 3917 five
1017 3841 1305 3917 formam
1323 3844 1553 3919 dixeris
1572 3899 1596 3932 ,
1628 3843 1715 3916 ad
1736 3847 1975 3917 Motus
1990 3770 2320 3919 efllentiam
2339 3896 2365 3932 ,
2392 3845 2475 3918 de
2496 3869 2626 3942 qua
2638 3848 2777 3944 egi-

324 3964 510 4046 mus,
564 3944 963 4051 pertinebit3
984 3940 1094 4020 sed
1130 3964 1632 4049 externam,quae
1649 3967 1829 4025 extra
1854 3949 2091 4029 Motus
2109 3945 2443 4026 efficatiam
2467 3945 2573 4015 est.
2611 4035 2687 4110 N
2806 3985 2812 3992 .

2480 4069 2547 4140 3·
2688 4054 2793 4104 ΟΠ·
