3391 4418
562 141 747 228 5204
1140 110 2380 209 ‚Durum-Arre-

582 252 841 337 panem
865 219 1112 299 aeceffu
1132 221 1326 304 tollat
1337 221 1767 323 aequilibrium
1790 274 1812 308 ,
1846 213 2202 292 efficiendo
2216 238 2288 289 ut
2305 220 2399 305 vis
2416 211 2523 288 illa
2541 213 2729 300 fluidi
2797 243 2892 292 uae
2917 216 3021 294 fe.

589 331 853 407 rebatur
866 349 963 400 ex.
983 353 1079 428 gr.
1098 320 1336 397 sursum
1361 378 1385 411 ,
1420 333 1492 404 δι,
1507 322 1543 395 εὶ
1560 330 1621 396 vi
1642 316 1945 425 opposita
1958 315 2187 416 aequali
2203 314 2513 390 deorsum
2536 317 2776 419 repelle
2833 344 3015 406 atur,
3097 333 3100 335 ’

589 439 830 509 vincat.
875 435 981 501 Sic
996 453 1157 528 ergo
1175 422 1451 498 fluidum
1467 445 1826 524 promovet
1843 445 2203 519 corporum
2217 422 2278 487 ei
2300 422 2736 491 innatantium
2757 438 2978 494 morus
2995 471 3019 508 ,

593 527 974 606 dummodo
1017 553 1155 599 non
1190 530 1393 626 magis
1433 528 1502 595 in
1529 524 1697 595 hanc
1716 520 1913 621 quam
1928 525 1995 590 in
2014 518 2192 590 illam
2212 521 2553 617 regionem
2569 516 2849 599 feratur,
2873 529 3018 594 nec

592 632 750 707 ullas
766 637 832 700 in
850 626 907 700 se
927 624 1167 699 habeat
1179 622 1530 725 particulas
1551 678 1573 710 ,
1606 649 1751 722 quae
1768 646 1905 692 non
1925 618 2193 691 celerius
2212 641 2324 690 aut
2338 617 2520 718 aeque
2543 616 2769 690 saltem
2789 617 3021 694 celeri-

596 757 691 806 ter
711 751 1100 801 moveantur
1118 772 1141 807 ‚
1177 723 1376 823 quam
1396 749 1634 825 corpus
1648 722 1885 795 dutum
1904 719 1990 790 ab
2007 742 2268 791 externa
2282 722 2346 790 vi
2361 713 2707 820 impulsum
2729 716 2892 792 fuit..

618 831 625 838 ”
699 858 729 904 1
747 857 773 904 1
790 882 807 902 .
865 834 953 901 At
977 826 1023 900 ss
1042 824 1322 899 fluidum
1345 821 1549 925 ipsum
1567 846 1786 895 totum
1799 819 1984 891 simul
2003 821 2212 892 versus
2228 817 2513 915 aliquam
2531 818 2870 918 regionem
2890 819 3023 892 flu·-

599 936 795 1005 minis
811 929 1001 1000 instar
1020 925 1247 1000 tendat
1270 969 1292 1002 ‚
1328 949 1424 997 ex.
1441 952 1540 1026 gt.
1564 918 1871 994 deorsum
1896 974 1918 1007 ,
1946 917 2085 991 n'on
2105 915 2395 1016 juvabit,
2428 917 2777 1018 sedpoctius
2798 921 3022 1018 impe-.-

596 1032 739 1106 diet
758 1051 1019 1102 motum
1033 1028 1325 1127 corporis
1340 1023 1528 1111 duri,
1562 1021 1749 1121 quod
1774 1018 2007 1094 sursum
2025 1015 2446 1119 propellitur3
2469 1042 2581 1092 aut
2597 1071 2619 1106 ,
2647 1016 2691 1088 fi
2712 1019 3018 1118 quaedam

592 1129 781 1208 fluidi
805 1152 1023 1231 partes
1057 1125 1297 1200 tardius
1335 1145 1759 1203 moveantur,
1792 1146 1929 1195 non
1967 1115 2194 1204 sufficit
2225 1123 2496 1191 minima
2519 1144 2793 1218 quaeque
2814 1124 2907 1192 vis
2927 1116 3017 1204 ad

592 1256 832 1333 corpus
846 1237 913 1302 in
930 1255 1016 1301 eo
1038 1220 1755 1325 natansimpellendum
1776 1276 1799 1312 ,
1831 1220 1935 1296 sed
1959 1243 2137 1292 tanta
2152 1225 2495 1317 requiritur
2512 1273 2536 1308 ‚
2570 1229 2715 1319 qu'ae
2727 1219 3034 1294 refisten--

591 1340 751 1409 tiam
767 1330 943 1406 illam
962 1328 1268 1405 tardioris
1281 1350 1505 1400 motus
1519 1322 1811 1426 superet„

1389 1505 1476 1594 D
1538 1540 1569 1594 1
1626 1535 1664 1592 s
1723 1537 1791 1594 Ρ.
1906 1503 2277 1594 XXIV.

755 1651 872 1731 D’e
894 1665 1281 1762 Corporum
1298 1645 1745 1727 naturalium
1753 1647 2041 1757 figam,
2055 1718 2059 1722 .
2067 1627 2847 1757 praese'rtt'ivisphaericae:

604 1810 668 1860 z.
793 1785 967 1857 Nter
999 1804 1229 1857 omnes
1244 1804 1605 1881 corporum
1625 1774 2446 1855 affeetiones-Motmlocalis
2464 1778 2650 1853 facile
2664 1787 2905 1882 primas
2919 1804 3041 1855 te-
3101 1773 3112 1780 ’

694 1795 773 1956 I
797 1909 910 1957 net
927 1937 949 1972 ,
984 1883 1223 1983 dequo
1245 1877 1528 1981 proinde
1555 1877 1770 1951 mul'tis
1783 1876 2112 1980 agendum
2137 1874 2846 1982 fuit'disputationibus.
2898 1888 3037 1957 Se·-

592 1984 845 2056 cundus
872 2007 1050 2056 tenet
1067 1994 1276 2076 Figura
1291 2037 1309 2063 ,
1350 2005 1501 2077 quae
1520 2004 1743 2051 tamen
1758 2005 1894 2051 non
1906 1982 2194 2052 aotivum
2214 2033 2237 2065 ,
2266 1987 2361 2053 uti
2384 1989 2654 2069 Motus,
2669 1979 2784 2054 sed
2800 1980 3026 2084 dispo-
3119 2045 3120 2048 ,

590 2081 852 2156 fitivum
874 2126 896 2162 ‚
928 2106 1002 2154 ut
1036 2080 1591 2154 Scholasticorum
1631 2077 1847 2152 verbis
1877 2099 2060 2165 utar,
2098 2106 2315 2152 rerum
2349 2085 2740 2157 naturalium
2768 2085 3021 2183 princi*

640 2185 778 2253 ium
795 2182 907 2253 est.
957 2185 1065 2255 De
1085 2186 1321 2284 Figuris
1342 2186 1533 2283 igitur
1548 2177 1670 2252 hac
1686 2177 2126 2253 dissertatione
2142 2206 2409 2281 agemus
2423 2236 2460 2271 ,i
2474 2193 2545 2259 &
2557 2181 3014 2288 praesertimde

589 2211 940 2384 {pharicm
956 2346 961 2359 ,
977 2287 1220 2385 quippe
1241 2307 1383 2381 quae
1399 2285 1718 2354 omnium·
1727 2284 2049 2381 praecipua
2060 2281 2415 2379 judicatur.
2899 2300 2902 2305 ’

705 2378 801 2457 2..‘
823 2388 1029 2478 Figura
1064 2391 1132 2455 in
1149 2408 1235 2454 re
1262 2409 1583 2484 corporea
1597 2408 1742 2454 non
1761 2381 1851 2453 est
1865 2378 2150 2481 iptsaej‘us
2165 2388 2534 2456 extremitas
2553 2436 2575 2469 ‚
2613 2379 2723 2455 sed
2739 2380 3019 2455 extfemiss

591 2492 729 2558 tatis
746 2505 899 2557 certa
915 2483 1179 2581 dispbfi'tio
1204 2538 1224 2571 ,
1259 2481 1362 2556 feu
1375 2482 1624 2557 modus
1640 2535 1661 2567 ,
1707 2508 1844 2580 quo
1864 2488 2160 2583 corporis
2184 2482 2453 2581 alicujus
2471 2478 2862 2585 magnitudo
2888 2508 3021 2557 tera

589 2588 906 2658 minatur.
958 2589 1341 2660 Comitatur
1368 2585 1761 2687 ergofigura
1777 2582 2308 2685 magnitudinem
2332 2583 2639 2656 duntaxat
2663 2585 2912 2657 finitam
2936 2611 3015 2657 ac

592 2693 1035 2761 terminatam.
1087 2687 1314 2789 Inepte
1333 2694 1465 2789 agit
1486 2691 1681 2786 quiin
1698 2710 1981 2785 corpore
1996 2684 2348 2758 indefinito
2369 2709 2563 2786 atque
2585 2682 3016 2763 interminato

587 2787 868 2886 figuram
886 2794 1129 2884 quaerit.
1187 2787 1332 2861 ubi·
1348 2795 1523 2859 enim
1541 2792 2171 2859 extremitatem-non
2196 2783 2399 2859 habes
2420 2832 2443 2864 2
2461 2842 2467 2847 -
2482 2787 2566 2860 de
2582 2785 2795 2859 modo
2809 2790 3021 2860 extre-Q-

589 2884 1098 2957 miratissrustra
1123 2885 1410 2959 laboras,
1460 2892 1555 2957 Ita
1588 2913 1741 2958 cum
1779 2886 2020 2959 limites
2047 2879 2295 2960 Mundi
2326 2881 2543 2962 null'os
2559 2894 2867 2988 attingas,
2904 2905 3017 2961 [ος-1

589 2982 868 3085 tundam
890 3009 972 3054 an
988 2983 1383 3083 quadratam
1407 2984 1681 3085 figuram
1706 2984 1944 3058 habeat
1959 2984 2231 3062 absurde
2250 2995 2505 3088 quaeris.
2739 3010 2748 3017 ·
2965 2996 2968 3009 ’

694 3112 755 3177 3.
811 3083 1680 3185 Qndoveroliunumeris
1711 3088 1925 3159 modis
1958 3094 2288 3160 terminari
2324 3082 2714 3189 magnitudo
2751 3082 3007 3192 potests',

581 3185 899 3254 innumeras
917 3185 1050 3279 poffl
1061 3185 1187 3252 dari
1204 3185 1708 3279 corporumfiguras
1726 3184 2136 3260 manifestum
2155 3190 2266 3262 est.
2330 3198 2503 3290 Qs
2526 3196 2703 3263 enim
2723 3186 3014 3264 recense-

580 3298 684 3355 ret
721 3308 952 3356 omnes
976 3280 1266 3368 modos,
1312 3283 1551 3385 quibus
1575 3290 2406 3389 extremitates-corporum
2438 3287 2692 3390 disponi
2711 3300 3017 3397 queunt?¹
3121 3328 3138 3339 ·

490 3402 491 3405 ’
580 3380 808 3457 Simile
843 3386 909 3451 in
940 3381 1401 3483 Metaphyficis
1422 3387 1512 3459 est
1530 3442 1550 3472 ,
1587 3387 1774 3489 quod
1798 3384 2300 3487 entisperfeffio
2323 3380 2680 3464 innumeris
2701 3392 3013 3467 modisfi-=

577 3490 699 3553 niti
713 3509 792 3555 ac
810 3480 1071 3555 limitari
1087 3485 1332 3584 potest',
1359 3486 1535 3559 unde
1552 3482 1750 3558 creati
1766 3494 1930 3560 entis
1949 3511 2053 3560 tot
2066 3515 2304 3591 genera
2317 3493 2609 3565 existunt.
2667 3499 2756 3569 At
2773 3500 2900 3569 Ens
2915 3499 3014 3566 in-

576 3583 834 3656 finitum
876 3590 1139 3657 unicum
1162 3586 1287 3666 est,
1330 3613 1452 3659 nec
1482 3587 1672 3659 aliter
1690 3611 1889 3690 atque
1913 3585 2102 3660 aliter
2116 3586 2176 3659 sc
2194 3588 2436 3664 habere
2458 3596 2703 3694 potest.
2751 3602 2859 3668 sic
2879 3586 3013 3665 {sita

573 3688 956 3755 terminatur
975 3684 1198 3759 multis
1223 3687 1468 3762 modis.
1503 3686 2151 3762 Sedinterminabilis
2175 3682 3014 3796 vitaesempetunaeademe

575 3805 705 3886 que
726 3789 892 3856 ratio
909 3786 1024 3859 est'.
2094 3875 2097 3879 ⁴
2475 3816 2476 3821 ¹
2504 3785 2513 3795 ⁴

652 3904 726 3978 4,
778 3886 1008 3979 Figura
1042 3887 1539 3984 corporaediversas
1562 3890 1844 3983 accipiunt
1862 3887 1901 3962 ἃ
1926 3892 2089 3963 vario
2108 3914 2303 3984 motu,
2340 3892 2697 3967 &vicissim
2709 3914 2812 3989 pro
2822 3900 3018 3965 varie·

561 3982 1010 4083 tatefignrarum
1027 4042 1047 4072 ,
1071 3991 1327 4089 quasnam
1338 3990 1401 4059 in
1417 3990 1724 4086 corporibus
1742 3989 2033 4064 mobilibus
2051 4042 2074 4082 ,
2108 4014 2303 4072 eorum
2317 4019 2532 4094 quoque
2544 4016 2722 4071 motus
2740 3997 2974 4072 variant
2990 4018 3012 4063 .-

2828 4117 3028 4198 pate·-
