3391 4418
554 121 723 224 236‘
1171 100 2274 208 D12812UTAT10

560 239 759 305 ctiam
780 216 998 325 posito
1017 262 1038 297 ‚
1061 209 1249 313 quod
1264 234 1429 309 opus
1450 200 1977 304 unumquodque
1991 226 2340 275 momento
2356 193 2556 273 fixerit
2575 194 2996 280 absolutum„

672 356 702 403 ι
724 354 750 400 ι
762 372 784 394 ·
832 322 933 397 Ut
945 341 1105 417 ergo
1129 334 1445 409 quantum
1463 312 1531 379 in
1549 332 1655 378 me
1672 299 1940 389 est,huic
1960 307 2233 402 negotio
2254 301 2414 376 lucis
2432 297 2734 382 inferam,
2751 304 2979 402 primo

561 426 827 503 adduco
848 413 1217 515 exemplum
1233 407 1693 503 pbilosophorum,
1711 427 1994 502 quotum
2014 400 2158 474 haee
2169 402 2259 474 est
2270 398 2700 501 receptiffima
2716 398 2988 476 metho-

568 530 693 603 dus
714 579 737 612 ,
776 545 849 594 ut
878 524 945 590 in
978 507 1319 586 tradendis
1348 500 1810 605 Metaphyficis
1825 511 1896 575 &
1916 498 2193 590 Physicis
2206 502 2493 601 primum
2510 525 2707 599 agant
2725 498 2811 571 de
2827 523 2984 574 ente

617 645 885 701 uatenus
899 641 1010 686 ens
1029 614 1120 685 est
1140 663 1161 696 ,
1183 604 1426 682 deinde,
1446 604 1529 677 dc
1553 607 1919 702 corpotein
1933 626 2168 699 genere
2183 653 2206 685 ,
2229 601 2464 673 timide
2481 602 2709 674 caelesti
2726 644 2752 677 ‚
2774 604 2985 700 porro

565 658 658 802 (de
677 715 1017 796 subcaelesti
1033 721 1098 784 in
1115 712 1476 790 communi,
1495 703 1578 775 de
1597 704 1845 803 planta,
1856 698 1942 770 de
1958 699 2245 778 animali,
2268 699 2352 772 de
2373 697 2671 785 homine,
2689 725 2826 771 non
2845 700 2983 772 hoc

570 849 687 900 aut
718 821 870 903 illo,
911 812 1019 884 sed
1043 808 1400 911 generatim
1421 813 1491 877 &
1520 798 1829 875 universe.
1879 805 1975 870 Ita
1993 805 2296 872 nimirum
2363 799 2644 900 rogreffu
2669 805 2989 899 temporis

578 915 959 1014 diversisque
1012 902 1444 1004 Philosophia:
1465 900 1757 1004 partibus
1791 925 1994 999 opera
2024 905 2153 972 Dei
2181 926 2296 1000 gra
2346 904 2506 973 atim
2548 896 2986 974 abstrahendo

578 1013 1134 1116 contemplantur.
2415 1063 2420 1066 ,
2650 1047 2657 1064 ⁴

685 1148 713 1193 ι
733 1147 796 1191 2.
849 1116 1063 1208 Atqui
1098 1112 1280 1180 Deus
1311 1130 1450 1177 non
1486 1106 1731 1175 creavit
1763 1101 1980 1201 primo
2010 1123 2124 1171 ens
2140 1151 2163 1185 ,
2199 1100 2424 1201 postea
2444 1123 2684 1198 corpus
2703 1150 2726 1183 ,
2760 1095 2995 1172 adhaec

448 1238 458 1245 ·
585 1215 825 1296 animal
845 1268 866 1302 ‚
902 1210 1187 1307 denique
1224 1205 1568 1277 hominem
1603 1207 1671 1272 in
1710 1225 1945 1302 genere
1967 1228 1989 1284 ς
2027 1196 2137 1272 sed
2168 1205 2408 1272 creavit
2439 1199 2616 1272 hunc
2652 1195 3006 1273 hominem*

581 1319 980 1422 (Adamum)
1003 1317 1069 1380 in
1084 1304 1432 1379 individuo
1448 1348 1469 1383 ‚
1491 1301 1786 1400 dumque
1800 1326 1949 1373 eum
1972 1299 2304 1398 produxit,
2318 1296 2504 1374 fimul
2523 1306 2593 1371 δε
2607 1294 2803 1370 semel
2814 1325 3007 1371 crea-

486 1427 489 1430 ’
586 1428 681 1498 vit
704 1445 824 1491 cns
838 1467 860 1503 ‚
895 1408 1309 1483 substantiam
1328 1450 1350 1483 2
1382 1428 1622 1503 corpus
1638 1456 1665 1487 ,
1697 1407 1966 1473 mixtum
1983 1450 2005 1484 ‚
2044 1407 2261 1473 vivens
2280 1445 2303 1479 ,
2343 1395 2583 1471 animal
2604 1450 2625 1483 ‚
2653 1397 2998 1471 hominem

589 1531 661 1596 δε
696 1518 922 1590 omnia
949 1508 1295 1610 praedicata
1312 1499 1686 1577 universalia
1706 1547 1729 1581 ,
1761 1526 1903 1599 quae
1926 1522 2234 1596 tanquam
2257 1495 2558 1573 distincta
2571 1494 2821 1595 [ibique
2834 1505 3008 1573 invi-

589 1644 738 1694 cem
772 1610 1179 1688 succedentia
1205 1604 1570 1706 spectantur
1603 1601 1643 1674 a
1678 1595 2114 1698 Philoibphis.
2165 1599 2315 1671 Nec
2340 1622 2558 1670 tamen
2574 1596 2738 1671 ullus
2755 1617 3012 1673 morta-

589 1720 752 1793 lium
767 1768 788 1796 ,
807 1708 996 1813 quod
1014 1706 1233 1791 sciam,
1248 1702 1538 1774 idcoeos
1557 1724 1867 1796 tanquam
1886 1695 2119 1770 divinae
2138 1702 2456 1771 creationi
2470 1695 3011 1773 contradicentes

559 1848 569 1858 ·
591 1813 910 1892 hactenus
920 1804 1238 1884 accusavit
1258 1856 1279 1887 ,
1299 1828 1450 1875 cum
1465 1796 1788 1889 ejusmodi
1806 1795 2165 1870 methodus
2185 1797 2270 1869 ab
2285 1794 2745 1894 universalibus
2757 1799 2843 1872 ad
2853 1826 3016 1900 par-

591 1915 887 1993 ticularia
903 1901 1391 2010 procedendi,&
1401 1898 1578 1999 prius
1586 1923 1793 1998 genus
1804 1896 2001 1995 quam
2016 1894 2447 1970 differentiam
2465 1894 2825 1997 specificam
2838 1926 3020 1999 quae-

597 2011 788 2090 tendi
810 2063 833 2096 ,
864 2013 901 2082 a
916 2010 1164 2105 Logica
1180 1996 1641 2100 praescribatur.
1681 1996 2060 2094 Eademque
2079 2004 2334 2070 ratione
2352 1998 2457 2071 illa
2474 2050 2500 2080 ,
2519 1995 2751 2093 de'qua
2764 2004 2832 2068 in
2848 2027 3019 2100 prae—

597 2116 799 2189 sentia
832 2111 1122 2206 agimus,
1163 2095 1514 2170 methodus
1555 2097 1594 2170 a
1626 2121 1777 2168 vera
1796 2102 2041 2198 Logica
2063 2101 2476 2199 praecipitur,
2504 2096 2702 2170 videl.
2720 2120 3036 2174 ungo--

599 2232 963 2306 mnes,quae
985 2212 1121 2304 ejus
1140 2196 1278 2272 sunt
1290 2221 1532 2278 naturae
1550 2221 1622 2299 ut
1636 2194 1776 2267 fieri
1792 2206 1863 2269 δε
1882 2192 2048 2269 nasci
2064 2223 2452 2298 quacunque
2472 2202 2725 2270 ratione
2743 2196 3019 2299 pollini,
3069 2279 3097 2289 ,

602 2337 745 2389 non
772 2306 977 2380 veluti
1011 2299 1319 2374 absolntae
1340 2307 1475 2396 jam
1501 2306 1568 2372 δι’
1593 2292 1933 2398 Ρσῐὲὶᾶε,
1973 2295 2276 2398 sedquafi
2294 2299 2607 2401 paulatim
2632 2304 2915 2381 orientes
2935 2325 3019 2372 ac

529 2408 537 2419 ”
605 2408 938 2488 nascentes
955 2403 1344 2505 spectentur.
2341 2408 2346 2413 ·

709 2537 808 2609 13.
859 2502 1171 2582 Secundo
1189 2500 1351 2572 loco
1364 2495 1669 2600 produco
1691 2495 2056 2599 exemplum
2083 2506 2514 2570 Geometraerum
2528 2552 2551 2587 ,
2583 2522 2866 2597 quotum
2886 2497 3022 2575 do·

606 2611 801 2689 cendi
826 2634 903 2681 ac
916 2599 1401 2679 demonstrandi
1419 2598 1591 2671 ratio
1606 2596 1735 2669 fine
1755 2596 1964 2669 dubio
1981 2598 2072 2667 est
2083 2594 2549 2673 accuratiffima
2565 2609 2634 2673 δε
2656 2595 3022 2674 certiffima..

603 2717 708 2790 Hi
741 2711 905 2784 dum
936 2729 1235 2779 naturam
1271 2702 1595 2799 Corporis
1611 2700 1975 2770 accuratius
1990 2692 2183 2768 nobis
2196 2721 2531 2797 exponunt
2567 2688 3024 2796 (considerant

607 2833 826 2883 autem
858 2831 1088 2879 vetum
1108 2812 1178 2875 &
1197 2800 1367 2873 reale
1384 2823 1501 2870 cor
1549 2823 1833 2897 usarque
1850 2795 2030 2868 idem
2041 2793 2233 2896 plane
2250 2796 2439 2896 quod
2460 2797 2825 2871 confidetat
2844 2800 3028 2895 Phy-

607 2908 769 2983 ficus
785 2961 802 2987 ,
827 2897 1395 3001 quemadmodum
1415 2825 1569 2968 afligi
1588 2895 2062 2977 demonstravi)
2089 2895 2213 2967 hac
2225 2896 2551 2971 methodo
2571 2921 2842 2971 utuntur
2855 2928 2872 2972 ε
2887 2905 3027 2999 pri-

610 3008 729 3083 mb
752 3027 970 3076 mente
1004 2998 1656 3093 concipiusstpunfflum
1672 3040 1693 3075 2
1717 3004 1912 3092 cujus
1927 3022 2072 3095 pars
2092 2995 2381 3070 nullaest
2397 3051 2420 3085 ,
2464 2998 2703 3071 deinde
2727 3004 3022 3099 cogitant

607 3109 928 3211 fanetum
942 3099 1075 3173 hoc
1090 3119 1312 3167 exuno
1329 3095 1489 3165 loco
1506 3097 1571 3163 in
1586 3092 1782 3167 alium
1797 3097 1996 3167 fluere
2009 3091 2593 3196 seumoveriatque
2611 3121 2686 3169 ex
2702 3096 2835 3170 hoc
2847 3099 3024 3172 fluxu

657 3206 794 3306 igni
811 3205 1021 3270 lineam
1036 3192 1470 3280 afferunt‚hoc
1485 3193 2081 3294 est‚longitudinem
2097 3196 2447 3270 latitudinis
2463 3206 3022 3300 expertem3porro

611 3235 854 3379 {neam
877 3303 945 3369 in
970 3291 1391 3369 transversum
1413 3297 1667 3366 moveri
1687 3300 1910 3378 aiunt,
1929 3316 2001 3365 ut
2020 3292 2214 3367 nobis
2232 3293 2326 3367 ob
2346 3297 2579 3370 oculos
2588 3323 2846 3397 ponant
2905 3296 3023 3371 uid

616 3393 1174 3500 fitsupcrficiesssoc
1191 3394 1449 3494 est2quae
1461 3391 1944 3494 longitudinem
1965 3391 2513 3494 latitudinemque
2527 3400 2782 3471 tantum
2794 3406 2879 3472 ha
2968 3420 3022 3485 ες

614 3497 956 3606 postremo,
983 3500 1051 3567 in
1082 3491 1410 3594 superficie
1443 3491 1868 3594 spectandum
1895 3516 2174 3566 monent
2191 3546 2214 3580 ,
2249 3496 2442 3593 quod
2460 3499 2794 3594 aqualiter
2809 3498 3026 3572 cleve-

619 3628 724 3676 tur
743 3599 848 3672 scu
866 3604 929 3668 in
949 3592 1357 3667 transversum
1377 3618 1719 3666 moveatur
1737 3637 1760 3670 ‚
1787 3615 1858 3664 ut
1875 3594 1941 3662 in
1951 3588 2315 3694 te⁸lligamus
2329 3617 2555 3693 cerpus,
2586 3593 2659 3669 id
2676 3601 3033 3688 efflent„-

613 3699 754 3774 fitm
772 3693 1047 3795 aliquod
1066 3701 1130 3766 in
1144 3693 1422 3796 longum
1444 3746 1466 3779 ,
1493 3692 1699 3765 latum
1714 3701 1785 3764 &
1803 3688 2236 3793 profundum.
2723 3724 2734 3729 ·

721 3826 834 3891 14·
887 3801 1144 3871 Omnes
1174 3820 1391 3868 autem
1420 3792 1717 3893 judicant
1756 3796 1981 3866 Deum
2000 3799 2393 3869 Creatorem
2413 3821 2551 3869 non
2572 3796 2793 3893 ptimo
2809 3792 3029 3872 feciffe

609 3902 937 4007 punctum
956 3919 1156 3997 atque
1173 3894 1335 3975 illud
1351 3893 1581 3999 postea
1595 3892 1866 3978 moviffe
1879 3892 2160 3990 utfieret
2168 3895 2342 4002 {inea
2356 3946 2385 3993 ,
2412 3896 2790 3997 lineamque
2812 3898 3027 3996 porte,

2517 4026 2527 4037 '
2953 4017 3040 4071 m
