3391 4418
601 175 648 225 2
706 256 813 339 18.
870 260 1042 353 Qae
1066 276 1166 326 res
1188 141 1391 322 ellsicit
1406 165 1528 336 ‚Hut
1544 161 1809 342 Pliyfic:
1823 161 2424 351 Partibupgengafi
2441 245 2794 350 aespeciali
2813 246 3030 327 absol-

606 378 860 435 vanmt.

722 554 756 632 1
775 554 826 632 1.
852 552 1169 632 Materia
1185 544 1503 630 univers?
1520 545 2087 664 confideraetae‚qua
2090 548 2402 660 spatium
2413 545 2668 630 nudum
2679 566 2910 629 vacat.

681 773 787 836 19.
823 751 969 904 C
996 747 1217 840 Orpus
1252 729 1635 841 generaliter
1667 740 2024 840 spestamm
2044 743 2138 813 est
2164 746 2359 816 resin
2389 741 2702 844 longum,
2722 740 2930 819 latum
2955 748 3028 814 δι

994 836 1399 941 profundum
1429 838 1702 912 extensa.
1903 925 1916 936 ,

717 971 828 1018 20.
881 948 971 1015 Ea
994 936 1275 1012 extensio
1313 947 1370 1012 in
1406 967 1463 1012 re
1480 946 1678 1032 aliqua
1701 928 1881 1011 inest.
1932 942 2165 1011 Nemo
2187 945 2362 1011 enim
2390 946 2508 1013 tria
2526 938 2662 1011 haec
2679 996 2698 1023 ‚
2729 939 3029 1043 longum,

532 1038 535 1039 ⁷
611 1043 815 1116 latum
836 1050 905 1115 &
929 1035 1338 1143 profundum
1368 1038 1685 1112 attribuat
1707 1044 2041 1111 non-enti.
2078 1039 2322 1137 Neque
2344 1065 2575 1112 eorum
2594 1048 3034 1112 num'erus‘ac·

612 1141 964 1215 cessionem
981 1196 997 1223 ,
1028 1164 1240 1238 neque
1269 1139 1440 1212 ordo
1460 1144 1895 1211 mutationem
1920 1138 2228 1212 admittit.
2279 1145 2466 1240 Qn
2483 1185 2508 1218 ‚
2537 1137 2582 1211 si
2606 1137 3034 1239 unumquod-

612 1269 742 1343 que
766 1235 1333 1315 illorum-seorsum
1347 1263 1569 1313 mente
1588 1244 1927 1340 agitaveris
1945 1290 1968 1323 ‚
1983 1238 2506 1340 magnitudinem
2524 1238 2734 1313 vides.

717 1369 831 1416 21.
883 1338 1145 1414 Deinde
1163 1392 1185 1425 ,
1207 1342 1339 1411 nulli
1360 1347 1437 1411 rei
1462 1338 1778 1434 nilicorpori
1807 1338 1987 1411 inest.

660 1484 663 1493 ·
712 1469 824 1515 22.
862 1442 1063 1514 ¹Nam
1097 1465 1196 1512 res
1229 1445 1513 1513 materia:
1537 1445 1815 1511 omnino
1834 1462 2057 1538 expers
2074 1492 2094 1523 ‚
2116 1436 2248 1512 hoc
2268 1438 2358 1509 est
2376 1483 2402 1515 ‚
2441 1462 2542 1510 res
2570 1438 2932 1539 intelligens
2956 1462 3033 1509 ac

576 1584 577 1587 π
612 1541 864 1623 volens,
888 1538 1211 1639 sigillatim
1233 1546 1539 1612 trutinata
1558 1584 1580 1617 ‚
1616 1539 1752 1611 hoc
1772 1539 1865 1609 est
1884 1586 1906 1618 ,
1961 1537 2297 1611 intelleetu
2319 1546 2392 1611 &
2414 1536 2783 1618 voluntate,
2816 1562 3032 1635 neque

611 1642 796 1739 longi
818 1663 1030 1735 neque
1056 1637 1168 1708 lati
1187 1647 1400 1734 neque
1424 1633 1740 1735 profundi
1761 1642 2113 1734 quicquam
2132 1636 2354 1710 habet.

714 1766 748 1810 2
765 1765 794 1829 3
809 1789 830 1811 .
883 1734 1162 1816 Contra,
1180 1762 1324 1832 quae
1341 1734 1539 1838 longa
1553 1780 1577 1812 ‚
1609 1735 1739 1807 lata
1757 1746 1827 1808 δε
1845 1731 2179 1834 profunda
2196 1733 2337 1810 sunt
2352 1781 2373 1817 ‚
2393 1764 2510 1840 per
2527 1735 2586 1809 s‘e
2607 1762 2824 1837 neque
2844 1733 3035 1808 intel-

534 1890 552 1903 .
608 1839 822 1940 ligunt
838 1861 1053 1935 neque
1075 1836 1326 1909 volunt.
2568 1920 2573 1925 ¹
3016 1878 3024 1887 ·

718 1966 832 2029 24.
883 1943 950 2011 Si
982 1961 1112 2033 qua
1130 1938 1285 2008 vero
1307 1962 1405 2007 res
1437 1930 2359 2036 intelligensdicatutextensa
2374 1961 2692 2036 magnave
2707 1990 2731 2025 ,
2755 1960 2831 2009 ut
2852 1952 3025 2023 eece,

617 2035 662 2109 si
681 2043 909 2109 Deum
928 2039 1307 2117 maximum,
1333 2042 1565 2107 Virum
1585 2033 1920 2132 quendam
1941 2033 2263 2109 summum
2279 2038 2601 2137 appellas;
3003 2034 3008 2039 ’

630 2176 635 2183 -
716 2163 754 2207 2
769 2161 831 2229 5.
884 2141 976 2207 Fit
1008 2133 1144 2206 hoc
1163 2141 1379 2208 virtutis
1395 2142 1745 2230 quantitate,
1782 2160 1913 2234 qua
1939 2135 2181 2209 Davidi
2209 2139 2510 2230 Goliatus
2529 2133 2742 2211 multo
2758 2132 3034 2211 inferior

618 2260 773 2308 erat.

721 2362 759 2406 2
771 2346 816 2405 6
819 2387 836 2406 .
893 2339 1093 2435 Igitur
1112 2359 1267 2405 cave
1283 2377 1308 2410 2
1327 2339 1703 2425 quantitatem
1721 2339 1877 2405 molis
1892 2387 1914 2419 ,
1943 2361 2140 2433 quam
2162 2334 2520 2437 spithamis,
2536 2335 2725 2418 ulnis,
2746 2332 3032 2439 pedibus

615 2438 685 2507 in
701 2433 974 2506 homine
993 2439 1206 2507 metiri
1225 2431 1397 2512 licet,
1419 2430 1524 2504 hic
1544 2439 2000 2533 interpreteris.
2461 2463 2468 2473 ·
2791 2435 2798 2438 ’

717 2562 831 2622 27.
876 2537 1054 2606 Tum
1073 2532 1357 2606 extensio
1381 2530 1517 2604 haec
1533 2530 1693 2604 inest
1712 2540 1772 2603 in
1791 2543 1940 2608 omni
1958 2561 2016 2607 re
2033 2555 2319 2630 corporea:
2369 2538 2858 2638 porro‚'ftonpu,
2889 2562 3028 2636 quo

613 2640 682 2706 in
705 2661 960 2733 cunque
992 2637 1174 2707 statu.
2791 2697 2798 2698 a

718 2764 753 2808 2
768 2744 831 2808 8.
888 2736 1209 2835 Exemplis
1231 2730 1400 2806 hanc
1422 2758 1560 2804 rem
1586 2731 1852 2806 edoceri
1877 2742 2054 2835 cupis
2076 2755 2098 2808 ἓ
2154 2742 2249 2808 En
2267 2737 2500 2838 glaciei
2519 2741 2584 2803 in
2616 2732 2825 2804 undas
2842 2733 3034 2805 reda-

616 2841 736 2908 &ae
758 2836 1022 2907 durities
1052 2830 1387 2904 evanescit.
1411 2839 1631 2930 Figura
1650 2837 1892 2905 iterum
1912 2858 2109 2930 atque
2128 2841 2359 2906 iterum
2379 2839 2784 2903 immutatur.
2818 2832 3038 2906 undae

612 2933 658 3003 si
688 2939 756 3003 in
782 2957 1052 3032 vapores
1076 2954 1355 3000 extrema
1379 2935 1685 3001 tenuitate
1712 2933 2104 3030 dislipantur,
2129 2932 2288 3004 nihil
2308 2955 2617 3032 gravant,
2633 2954 2847 3032 neque
2866 2958 3034 3007 ocu-

612 3032 717 3105 los
744 3058 882 3103 non
915 3027 1193 3130 fugiunt.
1244 3034 1539 3125 Vapotes
1567 3031 1637 3097 in
1667 3028 1874 3099 undas
1907 3025 2110 3101 rursus
2139 3037 2355 3104 consti
2379 3027 2587 3104 cale're
2609 3056 2678 3105 at
2775 3058 2810 3104 e
2835 3035 3030 3106 exiles

614 3129 916 3203 desinunt
950 3126 1094 3200 elle.
1147 3134 1394 3199 Verum
1412 3131 1753 3210 enimvero
1786 3126 2222 3202 extensionem
2255 3129 2424 3201 hanc
2454 3129 2560 3202 seu
2594 3059 2845 3206 mofflm
2878 3159 3030 3206 cot-

614 3257 885 3359 poream
904 3274 928 3306 ‚
952 3233 1393 3300 mutationum
1417 3222 1737 3323 ejusmodi
1756 3227 1930 3326 quasi
1955 3226 2172 3301 sedem
2187 3256 2266 3301 ac
2283 3234 2787 3333 receptaculum,
2809 3258 3025 3334 neque

615 3362 651 3406 a
668 3329 872 3434 glacie
903 3354 1113 3427 neque
1139 3323 1221 3398 ab
1245 3326 1434 3399 undis
1463 3352 1680 3426 neque
1705 3327 1744 3400 :l
1763 3325 2115 3432 vaporibus
2141 3328 2349 3406 abesse
2369 3331 2877 3432 deprehenderis
2903 3360 3030 3408 un-

610 3458 834 3532 quam.

715 3557 827 3620 29.
879 3534 952 3598 In
968 3549 1241 3629 promtu
1261 3525 1418 3597 ideo
1440 3527 1531 3597 est
1548 3577 1568 3610 ,
1602 3526 1793 3626 quod
1814 3527 1934 3601 esse
1963 3528 2231 3608 visibile,
2251 3530 2523 3614 durum,
2543 3562 2736 3636 grave
2755 3591 2776 3623 ,
2796 3559 3030 3609 rotun·

617 3631 779 3705 dum
799 3654 994 3727 atque
1024 3634 1160 3723 ejus
1186 3631 1433 3727 generis
1462 3626 1585 3696 alia
1614 3626 1701 3698 ad
1722 3636 2016 3729 corporis
2043 3639 2400 3731 generatim
2422 3635 2803 3710 considerati
2819 3634 3028 3709 effen-

615 3739 777 3805 tiam
794 3756 931 3802 non
948 3731 1340 3836 pertineant,
1357 3750 1588 3800 contra
1608 3727 1784 3828 vulgi
1808 3735 2198 3830 opinionem
2231 3738 2288 3811 §.
2322 3741 2383 3807 8.

720 3858 753 3921 3
768 3862 839 3905 o.
890 3827 1467 3929 Qandoquidern
1486 3834 1644 3902 citra
1656 3827 1770 3905 illa
1787 3856 2025 3934 corpus
2045 3831 2320 3935 aliquod
2338 3835 2558 3907 existat
2575 3887 2597 3920 ‚
2623 3835 2852 3909 verum·
2863 3840 3025 3906 eitra

604 3927 1055 4004 extenfioncm
1079 3926 1242 4004 haut
1260 3927 1493 4004 ullum.

2752 4015 3022 4131 {10De..
