3391 4418
1783 94 1799 120 Ι
2275 111 2277 120 r

281 236 284 240 ,
959 141 1265 226 Pru-Y
1325 169 1453 256 sgr
1514 166 1572 226 c
1628 169 1685 226 A
1774 144 2234 244 XXVII.
2627 179 2786 236 221

372 257 494 332 esse
518 313 538 345 ‚
576 253 736 357 quin
753 252 1091 327 in‘telledtu
1105 261 1178 324 δε
1197 251 1536 326 voluntate
1553 255 1630 328 fit
1640 259 2014 356 praeditum.-
2032 257 2237 357 Qfi
2256 284 2493 360 corpus
2505 264 2787 338 fluidum

375 370 448 432 δε
474 356 707 430 *subtile
729 361 943 428 minus
964 353 1374 452 ess'ercorpus
1390 404 1411 437 ‚
1447 356 1642 450 quarn
1659 356 1896 429 durum
1924 367 1992 429 δε
2013 359 2308 432 crassum.
2367 362 2572 461 Qafi
2595 390 2784 439 mene

377 469 446 531 &
468 483 703 556 corpus
720 451 1063 528 subtilitate
1081 459 1149 522 &
1167 453 1436 523 craffitie
1454 455 2012 556 distinguerentur.
2034 456 2237 560 Qafi
2256 486 2375 531 cor
2423 487 2492 533 us
2507 463 2789 551 caelestes.

375 556 567 657 quod
590 555 786 650 iidem
809 552 1144 654 scriptores
1161 555 1321 621 inani
1340 550 1541 624 fimile
1556 561 1738 634 aiunt
1758 610 1778 642 ,
1807 554 2317 656 fimulpraestanti
2393 567 2514 631 mis
2535 559 2764 647 rebus,

373 658 445 729 id
466 658 583 736 est,
599 653 893 755 mutibus,
908 652 1112 727 limile
1132 645 1325 722 foret.
1367 643 1635 751 Cujusin
1644 653 1761 727 odi
1777 656 2077 758 capitales
2095 685 2343 732 errores
2356 658 2766 736 alibirefuta-
2871 665 2876 672 '

370 782 606 831 vimus.
1395 778 1401 785 ·
2061 813 2066 816 ,
2599 831 2602 836 λ
2649 801 2652 804 Δ

385 880 399 917 ἐ
474 858 542 931 8.
586 861 676 930 At
707 877 939 930 contra
960 877 1079 924 eos
1094 895 1130 928 μ
1155 858 1270 949 qui
1286 853 1492 923 catum
1511 874 1754 923 vacuum
1769 855 1869 950 effe
1870 854 2124 951 spatium
2139 857 2550 930 contendunt
2563 910 2587 944 ,
2622 854 2766 958 spe-

371 964 589 1029 ciatim
610 955 906 1031 observa,
938 980 965 1026 1
979 948 1062 1021 ..fi
1080 946 1355 1050 spatium
1374 950 1572 1021 velint
1592 1004 1615 1034 ‚
1642 959 1796 1022 omni
1806 974 2021 1048 corpore
2043 979 2283 1028 vacuum
2306 1007 2328 1038 ,
2346 956 2524 1029 idem
2538 956 2660 1029 effe
2675 984 2760 1029 ac

362 1059 491 1129 siin
508 1055 767 1129 extenso
788 1051 1035 1125 nullam
1047 1048 1509 1134 extensionem,
1535 1056 1599 1120 in
1614 1049 1751 1122 alto
1768 1061 1839 1125 δε
1855 1052 2195 1152 profundo
2213 1053 2456 1126 nullam
2466 1055 2765 1136 altitudi-

360 1184 514 1230 nem
533 1167 603 1230 &
622 1146 1143 1256 profunditatem
1163 1152 1432 1220 inveniri
1447 1144 1804 1236 affirment3
1823 1157 1978 1224 item
1999 1154 2268 1254 perinde
2285 1153 2407 1225 ess‘e
2426 1176 2502 1224 ac
2519 1149 2568 1223 fi
2587 1153 2771 1231 dice-

361 1282 507 1330 rent
525 1259 755 1328 Solem
775 1261 839 1323 &
858 1247 1106 1320 stellasa
1124 1272 1291 1318 terra
1312 1269 1504 1342 atque
1523 1248 1732 1319 oculis
1748 1252 1973 1324 nostris
1990 1251 2360 1352 longiffime
2382 1252 2651 1350 quidem
2668 1255 2764 1324 la·-

364 1355 733 1449 tiffimeque
750 1348 982 1419 distare
1002 1398 1024 1429 ,
1049 1354 1113 1417 &
1143 1370 1359 1416 tamen
1376 1343 1626 1439 aliquid
1639 1351 1805 1416 inter
1823 1349 2028 1421 stellas
2046 1361 2115 1423 δε
2137 1351 2366 1422 oculos
2386 1357 2768 1446 interjacere

362 1474 700 1552 negarent.
762 1475 825 1518 2.
845 1453 912 1520 Si
939 1442 1214 1545 spatium
1249 1447 1623 1541 concipiant
1653 1452 1921 1516 materia
1954 1447 2222 1544 quidem
2252 1446 2357 1520 seu
2392 1447 2772 1524 extenfione.

364 1551 633 1652 plenum
654 1602 674 1634 ‚
695 1545 801 1617 sed
818 1548 959 1637 quod
972 1546 1217 1617 aliorum
1232 1553 1514 1636 corporum
1531 1559 1711 1611 motus
1720 1545 1867 1615 nullo
1878 1551 2035 1617 modo
2041 1552 2200 1642 juvet
2212 1570 2309 1617 nec
2320 1550 2620 1643 impediat,
2639 1547 2766 1620 tale

365 1673 639 1750 quoque
662 1645 909 1718 nullum
925 1648 997 1714 in
1016 1667 1225 1714 rerum
1247 1666 1470 1712 natura
1491 1638 1670 1728 dari,
1691 1646 1859 1716 exiis
1928 1673 2021 1718 uae
2040 1644 2123 1717 de
2138 1671 2358 1719 natura
2382 1656 2452 1720 &
2466 1655 2767 1748 proprie·
2850 1684 2856 1692 ·

364 1775 499 1823 tate
536 1747 891 1820 fluidorum
919 1769 997 1815 ac
1035 1740 1351 1813 durorum
1373 1766 1729 1839 corporum
1750 1749 1817 1813 in
1839 1746 1886 1813 Ρ
1919 1743 2096 1842 'yfica
2114 1745 2763 1846 generalidocuimus

363 1853 440 1926 δε
461 1858 607 1946 jam.
627 1874 700 1919 ex
724 1871 906 1948 parte
939 1846 1360 1943 repetivimus
1380 1894 1402 1927 ,
1437 1836 1849 1915 manifestum
1868 1847 1977 1918 est'.
2032 1872 2095 1941 3.
2117 1852 2185 1918 Si
2206 1850 2473 1941 Corporis
2487 1852 2765 1920 nomine

360 1947 676 2026 vifibilem
708 1945 1036 2048 quandam
1073 1942 1390 2014 denotare
1429 1941 1633 2012 velint
1661 1951 1944 2018 materiae
1963 1942 2224 2017 massam
2246 1991 2269 2028 ,
2300 1974 2442 2046 quae
2453 1947 2768 2048 peculiari

358 2048 696 2152 superficie
715 2044 800 2119 ab
814 2044 955 2119 aliis
972 2043 1273 2115 distincta
1300 2039 1376 2114 fit
1398 2092 1421 2127 ,
1458 2040 1773 2115 &locum
1794 2045 1862 2115 in
1880 2045 2063 2120 Caelo
2085 2072 2419 2148 occupans
2432 2048 2662 2124 lumen
2680 2044 2769 2120 ad

360 2176 485 2223 nos
502 2149 602 2223 vel
619 2154 876 2222 emittat
897 2190 919 2224 2
946 2144 1049 2218 vel
1066 2148 1354 2215 remittat
1373 2186 1397 2218 2
1420 2147 1515 2214 uti
1530 2140 1775 2217 faciunt
1795 2145 1982 2217 stella:
1998 2146 2134 2219 fixae
2149 2191 2173 2224 ‚
2198 2151 2505 2222 Cometae
2523 2156 2595 2222 δε
2615 2148 2771 2221 1³12-

360 2275 524 2322 netae
582 2250 712 2319 hoc
728 2255 901 2319 enim
916 2271 1087 2320 voce
1106 2245 1458 2342 Corporis,
1477 2268 1795 2339 quatenus
1811 2245 2039 2316 mundi
2058 2260 2311 2345 partem
2329 2254 2766 2347 integrantem

369 2346 526 2446 signi
581 2370 684 2421 cat
704 2397 727 2427 ‚
765 2344 963 2443 vulgo
995 2341 1409 2440 intelligunt]
1445 2364 1598 2412 tunc
1640 2344 1908 2441 quidem
1944 2340 2222 2417 fatemur
2242 2391 2266 2423 ‚
2307 2340 2514 2417 (ialam
2535 2360 2640 2425 'non
2667 2349 2766 2441 ff

362 2463 551 2534 corpus
568 2484 591 2517 ‚
616 2443 748 2510 boc
776 2442 867 2510 est
889 2437 1209 2533 ejusmodi
1230 2440 1489 2509 mass'am
1510 2438 1796 2512 lucidam
1819 2442 2221 2540 velopacam
2242 2443 2638 2529 Caelum-effe
2651 2468 2772 2515 ne·-

368 2564 633 2643 gamus,
664 2541 980 2634 quoniam
1020 2535 1183 2605 illud
1218 2536 1446 2608 eximie
1476 2538 1876 2634 pellucidum
1892 2541 2248 2610 statuimus.
2296 2541 2528 2616 Nemo
2544 2562 2767 2611 tamen

363 2638 521 2710 inde
542 2632 937 2711 concludat.
957 2636 1233 2712 inveniri
1249 2632 1457 2702 ullum·
1473 2642 1541 2701 in
1564 2659 1777 2706 rerum
1790 2631 2117 2710 universo
2135 2632 2438 2732 spatium,
2454 2633 2643 2727 quod
2655 2658 2770 2706 aut

364 2762 690 2837 corporea
717 2727 1084 2806 extensione
1105 2754 1213 2801 aut
1237 2753 1426 2800 motu
1448 2728 1632 2802 fimul
1649 2743 1720 2805 ὅ(
1740 2738 1959 2828 quiete
1977 2753 2184 2804 vacet.
2235 2724 2766 2807 Neutrum‘enim

364 2835 798 2937 Philosophia
811 2831 1113 2906 naturalis
1123 2828 1434 2901 admittit.
2543 2894 2547 2899 ,

462 2964 501 3028 9
514 2993 533 3011 .
580 2936 838 3010 Eodem
870 2955 1155 3029 namque
1181 2929 1393 3000 modo
1413 2951 1588 3002 totus
1605 2936 1797 3004 etiam
1820 2939 1927 3005 Αἲν
1945 2936 2107 3028 vulgo
2120 2954 2345 3028 pronon
2360 2953 2576 3028 corpore
2592 2930 2765 3006 adeo·-

359 3059 466 3127 (με
489 3059 663 3110 vacuo
679 3036 752 3112 (5
770 3036 929 3103 inani
936 3031 1123 3128 spatio
1139 3030 1373 3099 habetur
1388 3081 1406 3110 ‚
1448 3037 1598 3127 quia
1625 3052 1761 3104 non
1787 3033 1880 3124 est
1899 3035 1982 3106 tal
1992 3039 2042 3105 is
2060 3033 2251 3107 maffa
2268 3030 2531 3106 vifibilis
2548 3084 2571 3117 ‚
2601 3055 2766 3128 qua-

358 3134 433 3206 lis
454 3160 618 3207 terra
639 3132 739 3205 vel
756 3131 897 3205 sol.
949 3132 1097 3201 Nec
1118 3151 1338 3200 tamen
1360 3155 1445 3200 eo
1460 3126 1597 3230 ipso
1613 3158 1881 3234 negatur
1899 3157 2011 3205 aut
2023 3140 2244 3236 negari
2266 3131 2468 3204 debet
2487 3177 2512 3211 ‚
2542 3132 2763 3203 ae'rem

357 3235 650 3328 extensum
685 3227 809 3303 elle
830 3275 854 3311 ‚
894 3229 1087 3327 quod'
1102 3228 1193 3299 est
1212 3231 1616 3303 materialem
1637 3242 1705 3305 &
1729 3259 2115 3333 corpoream
2138 3232 2470 3306 effcntiam
2495 3230 2762 3303 obtine-

359 3358 462 3419 re3
507 3345 730 3401 Motum
752 3354 923 3402 -vero
957 3339 1098 3427 ejus
1124 3382 1145 3414 ,
1186 3327 1346 3399 dum
1378 3336 1586 3404 ventis
1606 3338 1880 3433 agitatur
1900 3344 1960 3405 &
1984 3331 2200 3405 calore
2222 3359 2331 3406 aut
2353 3329 2594 3433 frigore
2617 3356 2768 3402 cor-

358 3457 525 3533 pora
543 3430 759 3501 nostra
781 3427 977 3521 afficit
1000 3482 1022 3510 ,
1060 3424 1200 3529 ipso
1225 3434 1419 3499 etiam
1438 3426 1614 3502 sensu
1627 3437 2045 3533 percipimus.
2094 3432 2225 3506 Sed
2242 3437 2457 3535 operae
2480 3435 2762 3530 pretium

279 3559 283 3562 ’
362 3534 452 3603 est
498 3555 571 3602 ut
617 3527 1095 3600 confideremus
1150 3532 1245 3598 ori
1253 3535 1314 3627 gi
1321 3555 1391 3598 n(
1405 3554 1482 3599 m
1529 3530 1694 3603 illius
1745 3536 2168 3632 cogitationis
2197 3531 2280 3613 de
2319 3536 2565 3604 Vacuo*
2593 3534 2770 3601 tertii

336 3636 653 3730 generis»,
690 3651 964 3729 propter
997 3623 1371 3699 absentiam'
1394 3627 1591 3702 lucidi
1619 3631 1723 3703 vel
1752 3639 1941 3731 opaci
1968 3636 2270 3731 corporis
2299 3627 2389 3701 fic
2408 3627 2763 3730 appellato·

360 3733 697 3804 Nimirum
731 3731 1001 3830 objectum
1036 3772 1058 3806 ‚
1088 3822 1093 3825 -
1111 3733 1262 3824 quia
1301 3725 1385 3796 ab
1423 3754 1510 3798 eo
1550 3757 1772 3803 motus
1808 3734 2067 3803 initium
2106 3730 2514 3832 potissimum
2557 3753 2773 3800 atten-

363 3828 514 3900 dere
545 3841 616 3903 &
636 3825 949 3927 respicere
967 3822 1251 3898 solemus
1269 3881 1291 3912 ,
1327 3825 1396 3897 id
1417 3823 1627 3902 solum
1640 3831 1858 3906 videre
1876 3856 2001 3904 nos
2017 3856 2212 3930 atque
2235 3830 2454 3902 audire
2475 3827 2774 3900 dicimus.

359 3934 616 4005 Medium
659 3954 755 4035 an·
778 3937 850 4005 &
887 3925 1258 4032 quomodo.
1283 3924 1691 4020 moveatur.
1717 3928 1881 4030 quid
1921 3956 2379 4033 quantumque.
2407 3928 2494 4001 ad
2515 3920 2770 4093 &nsum

374 4044 391 4051 ⁸
1739 4034 1793 4104 Ε
1814 4057 1850 4105 e
1907 4058 1937 4126 3
2169 4033 2186 4040 ”
2477 4051 2512 4096 a
2588 4035 2779 4087 cien-
