3391 4418
649 183 753 257 24
1216 142 2459 229 mpanch‘

712 365 836 453 X.
900 364 1068 446 Pori
1103 383 1497 474 corporum,
1515 379 1669 441 tam
1685 359 2155 472 liquidorum,
2172 359 2391 472 quim
2408 316 2946 470 confisis-mium.

703 587 865 652 324.
990 555 1328 632 Ntervalla
1342 580 1700 655 corporum
1718 552 2126 657 appellantur
2156 556 2317 636 Pori,
2355 573 2633 638 meatus,
2655 559 2861 642 rima,
2885 553 3068 628 fora-

892 571 1157 731 Imina
1178 710 1202 745 ,
1236 661 1577 737 cavitates,
1618 665 1752 730 occ.
1802 679 2005 757 prout
2051 654 2311 727 minora
2344 650 2449 727 vel
2485 661 2740 749 majora
2767 656 3062 728 existunt.

699 813 714 829 .
749 786 814 832 u
877 809 895 829 .
2989 792 2998 799 ·

648 760 692 861 §
750 780 915 949 3245.
968 860 1123 928 Pori
1170 859 1236 926 in
1286 854 1697 951 corporibus·
1728 849 2038 926 omnibus
2079 849 2468 951 compofitis
2493 896 2517 935 ,
2566 857 2851 951 exceptis
2878 855 2952 925 iis
2983 848 3070 929 dc

650 955 894 1055 quibus
928 956 989 1055 §.
1016 981 1179 1046 3²0·
1236 952 1705 1051 loquebamur,
1743 957 2190 1028 inveniuntur..

751 1084 778 1147 5
802 1061 906 1125 26.
961 1056 1143 1126 Nam
1169 1053 1467 1125 oriuntur
1482 1053 1586 1126 vel
1606 1075 1708 1148 per
1723 1049 2158 1149 compositionem
2178 1045 2751 1147 corpusculorum,
2790 1075 2938 1147 quae
2965 1051 3070 1122 vel

648 1154 744 1225 ob
765 1179 1056 1228 convexa
1073 1152 1275 1224 latera
1294 1148 1428 1236 sua,
1471 1153 1532 1253 §.
1560 1179 1720 1243 30²·-
1775 1151 1878 1226 vel
1915 1147 2008 1223 ob
2041 1150 2416 1254 irregulares
2451 1144 2860 1248 quastuuque
2888 1147 3064 1248 figu-

506 1336 511 1343 ,
646 1280 745 1328 ras
764 1300 786 1337 ‚
819 1255 881 1354 §.
911 1278 1074 1346 504.
1127 1250 1228 1324 vel
1252 1275 1524 1353 propter
1541 1248 1850 1325 fortuitos
1867 1248 2202 1338 occursus,
2247 1253 2310 1329 §.
2334 1273 2500 1323 220.

520 3135 527 3140 ,
647 3069 725 3119 cx
748 3039 1041 3143 partibus
1067 3069 1145 3115 ca
1172 3070 1329 3116 com
1379 3041 1539 3117 ofita
1563 3068 1788 3144 putat.
1825 3048 2004 3142 quasi

750 1379 914 1446 327.
965 1356 1100 1426 Vix
1127 1376 1417 1451 unquam
1437 1348 1525 1425 fic
1543 1358 1724 1455 jungi
1755 1349 2057 1452 postiam,
2089 1372 2164 1423 ut
2192 1354 2470 1422 omnino
2495 1369 2904 1446 congruant,
2927 1374 3063 1423 :nec
3137 1370 3145 1375 ·

647 1455 817 1527 ullos
832 1450 1107 1553 angulos
1126 1448 1210 1524 ab
1232 1450 1355 1523 alia
1374 1449 2031 1559 materiaimplendos
2053 1452 2441 1550 relinquant.
2482 1447 2545 1546 §.
2568 1473 2605 1519 2
2616 1473 2735 1535 92.
2757 1442 2937 1547 seqq.

754 1560 913 1643 328.
972 1550 1096 1625 vel
1118 1550 1575 1650 producuntur
1583 1574 1685 1646 per
1700 1550 1999 1646 transitum
2028 1547 2300 1642 alicujus
2312 1550 2623 1623 materiae,
2643 1572 2786 1643 quae
2805 1553 3060 1645 majore

648 1656 712 1725 vi
767 1649 1023 1748 pollens
1075 1646 1451 1750 corpuscula
1492 1654 1851 1749 conjuncta
1902 1644 2069 1722 locis
2099 1647 2233 1722 suis
2292 1644 2704 1723 exturbando
2735 1644 2855 1723 fibi
2890 1654 3064 1723 viam

615 1854 621 1877 ‘
651 1749 1658 1949 aP;3;.§·({51;.posteriorcauia
1672 1847 1828 1920 cum
1847 1852 1915 1917 in
1952 1847 2229 1926 mollibus,
2246 1846 2556 1939 liquidis&
2568 1845 2781 1940 fluida,
2812 1852 3059 1951 quippe

638 1959 793 2047 qulae
817 1945 1005 2021 facilc
1038 1945 1326 2034 cedunt,
1375 1949 1441 2049 §.
1466 1977 1557 2041 ²4
1566 1975 1627 2043 5.
1734 1943 2098 2019 otiffimum
2125 1943 2354 2019 locum
2389 1942 2668 2033 habeat,
2705 1972 2957 2027 mean-ts
2991 1956 3061 2023 in

649 2047 890 2121 talibus
909 2044 1305 2146 corporibus
1322 2048 1426 2120 vel
1437 1975 1730 2121 maximg
1739 2043 1880 2119 sunt
1897 2043 2316 2147 agnoscendi.
3113 2138 3120 2143 ῃ

758 2142 927 2239 550.
971 2144 1224 2220 Verum
1257 2152 1329 2218 δε
1350 2142 1888 2249 prior'pororum
1923 2142 2105 2220 causa
2130 2152 2199 2223 in
2224 2142 2453 2221 iisdem
2486 2144 2749 2229 fluidis,
2784 2168 3064 2251 excepto

644 2244 3058 2449 ssssssfsssszssssssffffia,§5325130203312”{}2¹52bn53¹5⁶32{3233

650 2445 999 2520 neceffirio
1018 2445 1258 2548 figuras
1279 2443 1609 2521 obtinent.
2072 2541 2076 2546 ,
3011 2499 3018 2510 -

766 2572 925 2641 331,
986 2552 1083 2620 lta
1115 2572 1362 2649 corpus
1416 2546 1706 2622 fluidum
1752 2574 1831 2621 ex
1875 2548 2202 2648 particulis
2239 2543 2533 2650 globosis
2575 2544 3058 2649 compofitum,

644 2647 715 2749 §.
735 2667 894 2740 295.
942 2643 1260 2750 porosum
1294 2645 1416 2723 effe
1435 2649 1916 2724 demonstratur
1942 2676 2017 2722 ex
2041 2644 2109 2751 §.
2140 2672 2303 2743 30²·
3039 2697 3046 2702 -

750 2774 778 2840 3
801 2775 828 2839 3
848 2775 914 2822 2.
970 2750 1267 2850 Utraque
1280 2776 1602 2851 potorum
1619 2746 1806 2824 eausa
1826 2750 2014 2824 datur
2026 2750 2224 2824 etiam
2241 2755 2307 2821 in
2322 2744 2650 2843 stabilibus,
2683 2748 3062 2830 dummodo

644 2871 790 2919 non
804 2843 926 2920 fint
942 2854 1246 2921 omnium
1267 2877 1411 2946 quae
1424 2856 1695 2950 cogitari
1717 2848 1981 2951 possunt
2009 2848 2425 2922 stabiliffima.

747 2969 780 3032 3
802 2969 829 3034 3
852 2972 913 3035 3.
968 2951 1113 3048 Q
1127 2946 1289 3016 dura
1302 2948 1606 3043 quaelibet
1620 2972 1907 3046 corpora
1922 2948 2053 3022 fine
2038 2955 2246 3120 ‘poris
2265 2954 2489 3021 animo
2507 2956 2831 3051 concipit,
2850 2976 3065 3051 neque

2068 3054 2212 3123 atita
2241 3045 2362 3121 {int
2404 3074 2480 3121 ex
2503 3058 2773 3123 materia
2789 3058 3017 3152 ,prima
3037 3105 3064 3141 ,

641 3149 706 3244 §.
728 3149 844 3234 48.
885 3166 1036 3216 ante
1052 3141 1253 3243 quam
1349 3142 1409 3217 la
1448 3147 1737 3245 partium
1771 3145 1932 3218 inibi
1951 3143 2181 3219 divifio
2196 3145 2592 3247 praeceffen‘t,
2611 3152 2668 3251 §
2697 3175 2810 3244 55.

754 3267 913 3337 334.
962 3247 1336 3331 lsinteraes,
1371 3270 1639 3329 aurum,
1675 3267 2018 3345 argentum
2042 3300 2064 3331 ,
2098 3243 2486 3346 plumbum,
2528 3249 2890 3347 crystallum
2914 3297 2940 3330 ,
2966 3256 3061 3324 vi·

648 3367 822 3420 trum
845 3386 865 3422 ‚
896 3340 1210 3442 glaciem,
1250 3369 1521 3431 terram,
1560 3341 1816 3444 lignum
1837 3389 1862 3422 ,
1896 3343 2220 3431 abietem,
2258 3371 2615 3441 quercum,
2657 3375 2950 3428 marmor
2987 3360 3064 3425 &

643 3442 858 3523 saxum
872 3441 1346 3619 quoqcunque,
1367 3445 1613 3521 nullam
1625 3450 2007 3523 interiorem
2020 3441 2457 3524 differentiam
2486 3448 2817 3548 relinquit.
2858 3455 2921 3534 §.
2940 3460 2989 3529 6
2993 3456 3065 3522 8.

658 3555 820 3617 106.
850 3571 878 3638 5
905 3572 928 3616 1
945 3572 1013 3636 4.
1057 3571 1092 3617 e
1193 3597 1211 3617 .

748 3670 781 3735 3
804 3671 910 3739 35.
968 3569 1410 3725 cut‘rltqtamen
1441 3652 1889 3748 experiamur,
1926 3650 2050 3725 alia
2074 3645 2320 3722 horum
2345 3642 2469 3723 este
2546 3648 2839 3753 etspicua
2870 3700 2895 3735 ,
2935 3651 3058 3729 alia

648 3769 881 3846 opaca,
904 3744 1031 3817 alia
1050 3741 1311 3833 sonora,
1336 3742 1612 3824 alianon
1628 3752 1811 3834 item,
1853 3751 1976 3825 alia
1996 3746 2131 3824 aliis
2157 3744 2422 3822 duriora
2437 3674 2858 3852 vquraviota
2874 3808 2897 3840 ,
2933 3755 3060 3836 alia

640 3846 952 3930 viventia,
976 3841 1103 3920 alia
1117 3851 1263 3922 vitae
1295 3855 1595 3951 expertia,
1637 3848 1761 3932 alia
1774 3848 2032 3955 aerugini
2049 3844 2367 3936 obnoxia,
2395 3849 2519 3923 alia
2540 3876 2678 3927 non
2691 3857 2886 3932 item,
2923 3861 3062 3931 διε.

633 3968 788 4047 quae
800 3951 1027 4024 omnia
1038 3951 1421 4026 interiorem
1438 3945 1772 4053 quandam
1785 3946 2219 4028 diverfitatem
2234 3948 2606 4057 ostentiunt.
2844 4054 2910 4131 C

2623 4075 2659 4147 5
2678 4073 2708 4146 3
2724 4061 2791 4127 6.
2914 4077 3065 4131 um..
