3391 4418
1046 99 1091 106 -..,

618 97 793 242 31⁸8²4
1013 219 1121 230 ‚x
1282 84 2388 234 'Disputatio'

1495 290 1582 373 D
1641 323 1672 377 1
1731 316 1769 373 s
1827 320 1896 374 ι’.
2010 289 2220 376 ΧΧ.

926 452 1037 523 De
1057 450 1319 522 motu
1339 444 1819 549 Projellorum
1837 440 1882 521 α’
1895 444 2215 547 jaciente
2210 434 2741 552 stparaetorum.

680 429 711 444 a

649 630 675 676 1
693 656 712 675 ·
742 619 875 774 E
895 618 1131 686 Gimus
1147 613 1229 685 de
1243 621 1451 714 prima
1475 618 1742 689 Naturae
1757 613 1899 714 lege
1919 666 1935 693 ,
1973 613 2164 713 quod
2182 636 2518 706 unaqueque
2534 637 2620 684 m
2643 667 2666 701 ,
2700 633 2973 705 quatenus
2987 607 3061 711 est

876 712 1115 809 simplex
1149 718 1221 792 (θ’
1237 715 1475 810 indivisi:
1494 765 1515 798 ,
1539 735 1773 786 maneat
1789 759 1816 791 ‚
1849 738 2126 806 quantum
2141 712 2270 805 inse
2289 711 2364 805 est
2379 765 2399 795 ,
2432 726 2494 784 in
2507 712 3060 810 eodemsemperstae‘-

631 823 741 902 tu,
780 830 878 879 nec
902 835 1152 888 »nutem
1185 837 1471 904 unquam,
1500 816 1599 910 m'fi
1627 812 1664 887 ἃ
1692 813 1863 906 caufis
1876 822 2140 885 externis.
2167 810 2492 885 Addimus
2508 814 2763 884 tantum
2782 857 2811 892 ,
2839 839 3056 912 opera:

633 911 921 1074 pretium
938 911 1060 986 effe
1078 968 1098 999 ‚
1130 934 1202 983 ut
1220 919 1349 982 veri
1367 910 1678 985 studiosus
1701 917 2028 985 examinet
2049 967 2070 997 ‚
2106 910 2406 1008 nunquid
2427 919 2494 983 in
2507 908 2712 984 effatis
2731 910 3058 1009 {equenti-

624 1045 629 1050 ·
690 1030 761 1075 us
791 1014 914 1083 Ars
941 1019 1110 1110 atqui
1151 1020 1219 1084 ὃ(
1250 1010 1414 1084 boni
1447 1039 1661 1085 rerum
1694 1015 2016 1085 Naturam
2051 1019 2353 1086 imitetur.
2410 1015 2661 1084 Adtore
2678 1013 3059 1104 nonprobaenee

622 1129 783 1177 ‘reus
813 1108 1203 1194 absolvitur,
1233 1110 1483 1184 etiamfi
1524 1111 1684 1196 nihil
1721 1109 1849 1213 ipse
1866 1114 2250 1211 praestiterit.-
2299 1110 2375 1182 1d
2399 1112 2588 1209 quod
2610 1111 2898 1182 nostrum
2918 1110 3010 1182 est
3029 1162 3057 1198 ,

615 1204 899 1299 finefafio
909 1210 1118 1306 nostru
1150 1207 1285 1283 hoc
1300 1213 1390 1283 est
1408 1267 1429 1299 ,
1446 1211 1576 1283 sine
1593 1212 1942 1284 traditione
1963 1266 1984 1298 ‚
2007 1212 2089 1284 ad
2108 1212 2302 1283 alium
2323 1209 2641 1283 transferri
2664 1237 2800 1282 non
2812 1210 3059 1311 potest.

630 1306 707 1373 ln
726 1307 917 1381 rebus
940 1316 1124 1382 novis
1144 1312 1610 1386 constituendis
1626 1316 1845 1385 evidens
1864 1315 2083 1381 utilitas
2103 1311 2224 1384 esse
2244 1309 2448 1384 debet
2465 1365 2486 1397 ,
2517 1338 2591 1385 ut
2607 1311 2942 1383 recedatur
2965 1306 3056 1380 ab

616 1426 719 1475 co
738 1415 876 1503 jure
894 1464 917 1496 ‚
954 1410 1146 1510 quod
1162 1411 1281 1486 diu
1295 1438 1555 1512 aequum
1572 1409 1779 1485 visum
1794 1412 1899 1482 est.
1962 1411 2367 1484 Praesumitur
2381 1410 2733 1509 quodlibet
2752 1408 3060 1505 accidens

631 1506 702 1575 in
715 1508 961 1581 eodem
983 1566 1004 1596 ,
1046 1517 1116 1581 in
1133 1539 1271 1611 quo
1289 1510 1484 1586 semel
1501 1511 1625 1589 fuit
1640 1558 1663 1588 ,
1705 1513 1867 1583 statu
1883 1509 2210 1610 persistere
2230 1565 2253 1596 ,
2273 1509 2386 1583 nisi
2406 1512 2637 1585 contra
2658 1513 2914 1606 probetur
2925 1533 3062 1580 mu-

614 1612 779 1677 tatio
801 1638 817 1682 ε
854 1634 928 1681 ut
947 1618 1326 1713 conjectura
1342 1611 1707 1714 probabilis
1720 1612 1810 1680 est
1824 1653 1846 1687 2
1879 1610 2108 1683 durare
2123 1605 2396 1713 patriam
2410 1612 2805 1712 potestatem
2825 1663 2848 1695 ,
2865 1608 3058 1681 mali·

620 1707 790 1778 -tiam
809 1764 831 1795 ,
850 1707 1216 1784 bonitatem
1234 1768 1256 1799 ‚
1283 1714 1541 1784 divitias
1560 1765 1582 1796 ‚
1603 1706 1936 1780 fortunam
1954 1764 1976 1795 ,
1995 1736 2196 1810 prout
2212 1711 2514 1811 cujusque
2530 1736 2721 1785 antea
2739 1707 2864 1784 fuit
2877 1764 2902 1797 ‚
2919 1720 3059 1783 &c-

738 1834 805 1879 2·
857 1812 1307 1911 Qaestionem
1327 1809 1412 1882 de
1434 1835 1627 1882 motu
1648 1811 2097 1909 projestorum
2119 1866 2140 1898 ,
2174 1838 2375 1910 quam
2394 1810 2845 1886 difficillimam
2861 1833 3058 1884 vocat

630 1909 917 2008 Scaliger
959 1916 1071 1982 Ex.
1111 1919 1217 1982 28.
1260 1937 1335 1983 ex
1367 1911 1594 1982 eadem
1630 1912 1899 1982 Naturae
1932 1912 2076 2011 iege
2115 1912 2564 2011 explicandam
2601 1912 2722 1986 effi:
2754 1910 3056 1985 diximus.

625 2006 891 2106 Nempe
910 2059 931 2090 ,
968 2035 1082 2081 cur
1095 2016 1395 2110 projesta
1409 2012 1761 2111 postquam
1778 2009 1815 2080 a
1833 2013 2217 2108 projiciente
2238 2010 2520 2112 separata
2539 2010 2715 2094 sunt,
2736 2011 3054 2110 aliquam-

605 2128 609 2132 *
634 2100 749 2176 diu
781 2110 850 2175 in
886 2131 1075 2180 motu
1107 2107 1548 2211 perseverent,
1583 2136 1678 2182 ex.
1692 2135 1792 2212 gr.
1811 2135 1928 2182 cur
1944 2109 2105 2213 lapis
2124 2162 2143 2190 ,
2176 2113 2382 2185 cuma
2403 2139 2600 2186 manu
2616 2140 2718 2184 am
2769 2111 2887 2184 lius
2907 2136 3053 2186 non

631 2209 949 2306 tangitur,
998 2235 1260 2284 morum
1304 2217 1649 2294 continuet
1668 2266 1690 2297 ‚
1740 2237 1896 2284 non*
1916 2214 2108 2285 aliam
2128 2209 2398 2288 'causam
2429 2141 2851 2314 quaerendgm·
2882 2208 3006 2285 effi:
3029 2257 3057 2295 ‚

630 2307 828 2403 quam
845 2308 1034 2405 quod
1054 2308 1247 2385 semel
1264 2339 1446 2387 mota
1462 2337 1737 2413 pergant
1753 2316 2006 2386 moveri
2028 2368 2052 2401 ,
2088 2311 2306 2386 donec
2322 2313 2406 2385 ab
2425 2315 2644 2388 obviis
2657 2312 3051 2414 corporibus

604 2406 1065 2484 ·retardentur.-
1138 2420 1365 2516 Qm
1397 2415 1664 2515 quidem
1705 2412 2204 2514 explicationem
2240 2414 2398 2488 ideo
2438 2415 2882 2516 recipiendam
2921 2410 3047 2487 effe

629 2507 1092 2585 contendimus
1108 2568 1129 2599 ,
1150 2515 1337 2613 quod
1358 2518 1663 2593 omnium
1675 2509 2132 2615 fimpliciffima
2144 2511 2246 2600 fit,
2265 2516 2693 2590 &intellectu
2711 2512 3048 2599 facillima,

628 2622 705 2689 &
719 2638 796 2684 ex
814 2637 944 2710 qua
963 2611 1160 2688 causae
1181 2643 1413 2690 eorum
1428 2663 1452 2695 ‚
1493 2639 1635 2713 quat
1658 2612 1741 2684 de
1759 2619 2069 2715 projeffls
2084 2622 2152 2687 in
2169 2615 2679 2691 controversiam
2703 2622 2921 2690 vocari
2941 2614 3051 2686 so-

622 2716 765 2787 lent
794 2768 817 2803 ,
846 2712 1038 2786 reddi
1070 2716 1333 2817 possunt
1370 2713 1743 2797 clariffimE,
1785 2714 2357 2815 quemadmodum
2386 2720 2424 2790 ὲ
2454 2716 2868 2818 sequentibus
2901 2715 3045 2787 elu-

621 2815 824 2891 cebir.

596 2948 599 2953 ·
729 2949 760 3013 3
778 2975 793 2993 ,
851 2916 1035 2985 Nam
1071 2938 1395 3012 quantum
1423 2920 1507 2992 ad
1542 2946 1776 2994 eorum
1794 2924 2144 3020 opiniones
2158 2912 2389 2995 attinet
2407 2974 2426 3005 ‚
2461 2926 2576 3019 qui
2594 2922 3043 2993 continuatio-

622 3048 778 3100 nem
791 3040 1013 3088 motus
1035 3019 1100 3083 in
1115 3017 1427 3113 projeckis
1439 3020 1474 3090 a
1498 3028 1886 3120 projiciente
1908 3017 2201 3123 separatis
2219 3020 2319 3093 vel
2333 3024 2367 3092 ὲ
2388 3018 2528 3093 solo
2549 3026 2709 3094 a⁴e²ris
2730 3014 3037 3120 impulsu»

620 3125 726 3200 vel
756 3116 840 3190 ab
862 3115 1076 3285 aliqua
1097 3115 1407 3212 qualitate
1421 3119 1717 3220 impressa
1737 3130 1807 3192 &
1827 3120 2123 3195 distincta
2148 3123 2183 3195 a
2204 3144 2395 3194 motu
2411 3163 2434 3198 2
2469 3146 2779 3220 tanquam
2797 3120 2833 3192 a
2850 3111 3038 3191 causa

620 3225 917 3329 proxima
993 3218 1238 3288 erivant
1255 3270 1276 3302 ‚
1305 3243 1395 3288 eae
1410 3217 1704 3317 pluribus
1726 3229 2129 3321 argumentis*
2140 3218 2499 3294 refutantur
2519 3274 2540 3305 ,
2624 3248 2716 3292 uae
2736 3224 2804 3289 in
2824 3219 3039 3319 hypo-

619 3318 781 3400 thefi
811 3339 1185 3418 proponam
1208 3369 1231 3401 ‚
1268 3343 1449 3389 exem
1502 3318 1571 3392 lo
1600 3345 1823 3393 motus
1839 3374 1857 3405 ,
1886 3347 2025 3419 quo
2061 3318 2283 3420 sagitta
2317 3316 2546 3393 sursum
2596 3345 2772 3393 ettut
2787 3373 2809 3409 ,
2843 3342 3036 3393 uten-

591 3424 711 3499 -do
732 3478 751 3511 ,
784 3419 922 3522 quo
941 3412 1190 3487 facilius
1213 3417 1400 3516 ipfius
1419 3441 1445 3489 t
1494 3417 1674 3493 eseos
1695 3427 1931 3492 veritas
1944 3421 2346 3493 admittatur.
3080 3510 3084 3515 ἢ

711 3554 783 3614 4.
833 3522 1077 3617 Sagitta
1094 3542 1234 3587 non
1256 3520 1471 3618 potest
1487 3526 1737 3593 moveri
1761 3517 1993 3591 sursum
2011 3548 2127 3623 per
2147 3525 2317 3606 a'e'ra,
2339 3516 2456 3592 nifi
2479 3526 2637 3595 a’e‘ris
2654 3522 2871 3623 aliqua
2930 3543 3035 3590 ars

611 3624 829 3699 cedat.
866 3621 1055 3691 A'eris
1073 3615 1247 3688 nulla
1262 3644 1407 3719 pars
1417 3621 1653 3693 cedere
1671 3620 1888 3721 potest
1905 3675 1927 3705 ,
1948 3621 2267 3693 nilialiam
2288 3645 2541 3720 partem
2558 3623 2714 3695 loco
2734 3648 2808 3693 ex
2859 3647 2892 3692 e
2920 3618 3037 3692 lat.

610 3726 855 3821 Neque
877 3717 961 3791 fic
985 3717 1211 3819 expelli
1232 3746 1381 3820 pars
1399 3746 1527 3793 una
1547 3721 1632 3793 ab
1651 3721 1770 3793 alia
1783 3721 2027 3822 potest,
2054 3719 2170 3793 nifi
2190 3720 2459 3793 tandem
2473 3726 2700 3795 ultima
2719 3729 2785 3794 in
2802 3650 3032 3793 fimum

602 3821 841 3924 sagittae
875 3819 1172 3893 succedat
1196 3849 1213 3892 ε
1256 3848 1402 3919 quae
1439 3828 1668 3894 omnia
1690 3847 1767 3894 ex
1789 3817 1942 3920 disp.
1980 3828 2044 3894 X
2061 3825 2488 3992 Vlrlafiatent.
2549 3822 2760 3893 Porro
2795 3827 2904 3893 a'e‘r
2919 3819 3033 3891 ille

600 3923 832 4015 locum
869 3922 906 3996 a
935 3916 1163 4029 sagitta
1193 3918 1574 3999 derelictum
1597 3922 1970 4029 ingrediens
2007 3945 2163 3996 natu
2303 3916 2676 3993 neceffitate
2696 3916 2930 4089 implelt
2948 3914 3034 3987 il·

673 4036 677 4041 ’
802 4041 807 4049 ’
2548 4054 2556 4062 ·
2920 4041 3034 4090 um
