3391 4418
1009 132 2380 229 Coi-tritAoTA'.>
2681 162 2802 246 ·57

388 316 428 323 ..
474 254 647 349 766.
702 245 1347 326 Generaleimautem
1385 250 1601 323 Terra:
1621 254 1948 353 originem
1966 276 2104 325 non
2134 250 2550 347 aliamatque
2577 251 2808 325 Plane-

377 378 457 425 tae
492 349 791 444 alicujus,
817 348 853 419 ὲ
878 345 1314 448 superioribus
1333 344 1661 449 principiis
1682 351 1965 447 Physicis
1990 349 2534 450 affignareliceat.

477 465 644 546 767.
698 451 960 548 Nempe
992 474 1064 521 ut
1087 472 1459 548 ponamus,
1494 475 1638 522 eam
1674 456 1865 523 initio
1900 453 1936 523 ὲ
1974 457 2240 523 materia
2277 458 2470 552 primi
2495 449 2801 526 elementi

373 548 513 622 sola
529 550 904 632 conflatam,
928 548 1085 621 Sole
1105 573 1329 622 tamen
1350 554 1678 622 minorem
1702 546 1907 623 fuisse.
1937 559 1998 630 §-
2029 564 2074 622 6
2085 559 2199 643 84.

474 662 572 745 76
583 658 644 722 8.
686 654 767 720 Et
798 647 1192 748 peculiarem
1218 655 1387 721 circa
1408 647 1467 721 se
1490 655 1813 725 vorticem
1854 651 1993 725 satis
2015 678 2329 753 magnum
2344 649 2655 739 habuiffe,
2680 677 2797 725 cu·

368 758 472 848 jus
499 754 568 821 in
588 774 815 821 centro
849 746 1259 822 consistebat.
2767 822 2774 829 ,

348 901 394 935 f
468 861 575 937 76
580 876 647 939 9.
699 858 792 920 At
829 850 1045 921 nunus
1077 845 1419 923 subtilibus
1441 849 1609 925 illius
1645 846 2156 949 materiaeprimi
2180 848 2488 923 elementi
2508 854 2796 923 minutiis

372 945 874 1033 cohaerentibus,
894 972 1093 1045 atque
1112 955 1200 1021 ita
1219 956 1288 1022 in
1328 957 1662 1025 materiam
1687 955 1858 1025 tertii
1876 947 2187 1019 elementi
2208 947 2558 1034 conversis,
2575 975 2797 1021 macu-

366 1045 461 1121 las
482 1075 722 1151 opacas
748 1053 815 1117 in
834 1050 969 1142 ejus
988 1045 1318 1146 iuperficie
1339 1054 1586 1148 genitas
1602 1050 1749 1124 effe.
1769 1056 1837 1129 5.
1855 1060 2021 1145 617.
2035 1046 2212 1146 seqq.

300 1234 307 1241 ,
464 1174 638 1246 770.
691 1151 783 1219 Ex
815 1171 1091 1242 quarum
1106 1152 1416 1218 continua
1434 1146 1849 1222 dissolutione
1878 1171 2287 1219 remanentes
2306 1148 2475 1216 tertii
2493 1144 2798 1218 elementi

367 1248 699 1349 particulae
736 1270 854 1344 per
905 1243 1148 1314 coelum
1191 1248 1475 1314 vicinum
1514 1245 1755 1319 diffusae
1787 1272 2093 1345 magnam
2135 1246 2230 1316 ibi
2260 1242 2511 1314 molem
2549 1241 2799 1316 aetheris

366 1345 704 1445 progressh
726 1346 1045 1437 temporis
1073 1338 1602 1438 composuerunt.

472 1465 629 1534 771.
680 1443 758 1509 Et
776 1437 1123 1537 postquam
1142 1439 1252 1507 iste
1277 1436 1713 1508 aether'auchts
1730 1436 2095 1508 admodum
2119 1435 2240 1507 fuit
2260 1488 2280 1520 ,
2319 1434 2648 1508 densiores
2662 1465 2799 1510 ma-

379 1540 554 1611 culas
575 1544 746 1608 circa
775 1540 1053 1606 Terram
1076 1541 1322 1633 genitas
1350 1540 1719 1608 eam”totam
1744 1533 2086 1608 contexisse
2107 1560 2301 1633 atque
2321 1532 2796 1610 obtenebrasse.

479 1662 651 1734 772.
702 1642 878 1733 Qae
920 1632 1374 1733 cumamplitis
1401 1632 1650 1707 dissolvi
1680 1661 1817 1707 non
1854 1634 2132 1735 possent,
2155 1662 2229 1709 ac
2262 1631 2436 1709 forte
2455 1636 2793 1738 permultae

372 1733 498 1808 fibi
530 1737 760 1807 mutuo
794 1730 1271 1819 incumberent,
1290 1731 1605 1835 simulque
1640 1740 1731 1808 vis
1761 1740 2029 1808 vorticis
2074 1738 2345 1809 Terram
2388 1741 2788 1812 continentis

370 1842 799 1916 minueretur,

461 1962 636 2031 773.
681 1928 996 2007 Tandem
1008 1929 1200 2032 ipsam
1222 1935 1500 2006 Terram
1513 1933 1643 2009 una
1665 1960 1817 2008 cum
1841 1930 2109 2007 maculis
2128 1942 2199 2008 δε
2216 1959 2390 2016 toto,
2412 1960 2552 2034 quo
2574 1934 2788 2008 invol-

363 2034 676 2118 vebatur,
710 2038 859 2105 a‘e're
881 2037 950 2103 in
969 2030 1476 2125 majorem'solis
1514 2041 1835 2110 vorticem
1861 2031 2185 2134 delapsam
2203 2089 2224 2122 ‚
2251 2035 2336 2109 ad
2358 2061 2511 2110 eum
2527 2035 2782 2125 locum,

360 2139 432 2208 in
449 2162 587 2236 quo
601 2159 774 2208 nunc
799 2128 1097 2205 versatur.
1793 2192 1800 2198 .

352 2267 355 2270 ·
458 2263 628 2335 774.
684 2239 837 2308 Hac
859 2236 1079 2305 Terrae
1105 2238 1527 2335 generatione
1555 2234 1768 2335 posita
1797 2242 1929 2308 mia
1958 2237 2075 2334 ejus
2107 2233 2783 2337 regiones-distinguun-

357 2359 485 2410 tur.
1277 2402 1282 2408 .
2335 2373 2338 2376 >
2410 2421 2418 2429 ⁶

354 2471 363 2476 ·
458 2456 624 2526 775.
673 2437 977 2530 Qrum
995 2433 1203 2503 intima
1217 2439 1438 2532 ignem
1463 2434 1687 2533 potius
1704 2438 2061 2534 impurum,
2078 2432 2275 2530 quam
2290 2461 2520 2534 puram
2542 2459 2779 2507 terram

362 2529 620 2603 videtur
651 2534 1013 2597 continere.

459 2630 632 2726 776.
682 2630 1021 2724 Impurum
1058 2624 1212 2694 dico
1232 2629 1449 2722 ignem
1468 2678 1491 2711 ‚
1517 2631 1833 2723 quoniam
1854 2627 2043 2696 instar
2080 2625 2296 2697 solaris
2312 2633 2477 2724 ignis
2494 2653 2611 2724 per
2638 2652 2780 2698 ma-

361 2729 536 2803 culas
554 2750 695 2798 non
714 2746 1129 2823 expurgatur.
1797 2757 1806 2765 ·
2319 2731 2324 2735 ’

455 2850 628 2924 777.
682 2829 857 2923 Ignis
885 2846 1112 2914 autem
1131 2819 1240 2892 ifle
1264 2809 1418 2895 cum
1434 2827 1497 2893 in
1527 2823 1739 2892 Terra
1760 2845 1899 2891 non
1921 2818 2105 2895 aliter
2135 2827 2300 2895 acin
2329 2820 2482 2892 Sole
2501 2846 2779 2894 movea-

359 2952 486 3016 tur,
509 2928 809 3000 diurnam
830 2921 1000 2995 illius
1021 2946 1174 3010 cum
1205 2925 1461 2995 vortice
1478 2918 1594 2993 suo
1617 2919 2109 2995 conversionem
2125 2943 2506 3026 promovet.
2522 2923 2583 3023 §.
2607 2949 2694 3015 73
2714 2950 2774 2998 r.

449 3032 618 3124 778.
669 3034 774 3095 Ac
801 3020 920 3094 nifi
950 3023 1146 3094 talem
1186 3024 1256 3091 in
1290 3024 1493 3096 Terra
1522 3024 1874 3094 cavitatem,
1911 3025 2170 3123 igneam
2209 3017 2330 3096 esse
2384 3023 2773 3107 statuamus,

354 3128 537 3200 unde
553 3145 885 3210 tantorum
921 3123 1166 3222 ignium
1188 3116 1753 3193 subterraneorum
1776 3126 2097 3221 originem
2130 3121 2550 3196 arcessemus?

349 3269 358 3280 ·
458 3252 623 3324 779.
682 3227 760 3295 Et
776 3220 1131 3322 quomodo
1148 3246 1284 3292 nou
1300 3227 1731 3294 remotiorem
1758 3221 1795 3290 a
1818 3221 1971 3293 Sole
2000 3220 2226 3294 locum
2240 3226 2439 3295 Terta
2463 3217 2772 3322 occupas:-

354 3321 472 3405 set,
496 3326 541 3396 fi
559 3322 663 3397 tali
684 3327 959 3394 cavitate
981 3320 1278 3392 destituta
1295 3344 1438 3392 tota
1471 3318 1675 3392 solida
1711 3317 1908 3390 esset?
1936 3320 2206 3393 Confer
2245 3331 2383 3395 218.
2409 3328 2574 3409 687.
2596 3329 2767 3426 689.

455 3431 621 3513 780.
677 3424 931 3493 Mediam
958 3424 1173 3491 Terrae
1190 3427 1531 3520 regionem
1556 3418 1746 3489 valde
1777 3430 2143 3518 opacam&
2166 3418 2430 3492 densam
2460 3419 2606 3497 effe,
2627 3421 2775 3490 nul-
2841 3497 2844 3500 ,

355 3523 459 3596 los
483 3549 555 3598 ut
571 3544 842 3595 meatus,
863 3518 976 3591 nifi
1002 3524 1284 3593 materiae
1304 3525 1496 3618 primi
1526 3517 1834 3588 elementi
1859 3527 2141 3618 pervios,
2164 3517 2424 3590 habeat.
2454 3520 2517 3618 §.
2543 3537 2699 3613 344.

448 3631 603 3722 781.
659 3620 853 3719 Ipfius
874 3644 949 3690 ex
968 3616 1293 3716 particulis
1326 3617 1757 3687 minutiffimis
1779 3621 2184 3718 compofitio
2217 3618 2442 3689 docet.

443 3728 615 3817 782.
659 3719 937 3806 Sedjstae
953 3720 1097 3788 duae
1130 3721 1466 3788 interiores
1497 3715 1722 3787 Terrae
1749 3722 2050 3814 regiones
2086 3743 2316 3818 parum
2354 3715 2440 3788 ad
2471 3740 2598 3800 nos
2625 3709 2765 3813 spe-

352 3827 556 3901 ctant,
591 3826 744 3918 quia
762 3842 962 3889 nemo
987 3815 1072 3887 ad
1088 3840 1195 3886 eas
1222 3819 1407 3886 vivus
1422 3840 1708 3910 unquam
1723 3812 2001 3887 acceffit.

344 3957 357 3966 ·
448 3929 614 4022 783.
660 3909 960 4022 Superest
981 3919 1161 3992 tertia
1191 3920 1379 4016 regio
1416 3941 1491 3988 ex
1516 3910 1934 4004 craffionbus
1959 3923 2343 3992 &incertas
2376 3913 2614 4084 figgras
2644 3908 2765 4077 lga-

528 4079 543 4108 .
1587 4018 1660 4088 Η
2443 4053 2448 4056 -
2505 4014 2637 4082 enti
2691 4023 2763 4075 us
