3391 4418
1115 76 1146 93 Ι

613 134 768 217 108
1260 128 2351 214 D1s2u1-a110

503 300 504 303 η
551 274 554 279 ·
602 246 804 315 ullam
839 239 1206 313 sensibilem
1230 241 1631 341 qualitatem.
1683 244 2097 349 thuantum
2123 243 2191 307 in
2207 234 2414 335 specie
2432 229 2518 303 ad
2540 228 2853 304 duritiem
2873 238 3028 308 atti⁶

602 369 750 423 net,
789 343 954 414 nihil
982 343 1063 413 de
1090 341 1265 415 duris
1285 338 1672 442 corporibus
1689 338 1894 411 sensus
1910 338 2106 411 nobis
2126 338 2373 408 indicat
2392 386 2415 420 ,
2447 333 2644 432 quam
2667 333 2858 431 quod
2875 332 3027 406 resi·

600 444 774 515 stunt
790 447 990 514 metui
1012 497 1031 528 ,
1058 440 1215 513 sicut
1231 444 1267 514 ἐ
1283 448 1613 513 contrario
1632 439 1837 511 molle
1857 444 2056 512 tactui
2076 436 2277 510 cedit.
2319 437 2478 537 Jam
2499 430 2542 502 fi
2566 460 2795 506 manus
2811 434 3025 506 aliud-

600 570 681 614 ve
704 542 1074 614 membrum
1098 544 1388 614 nostrum
1407 538 1613 613 versus
1639 541 1923 637 aliquam
1941 563 2196 640 partem
2220 556 2624 614 moveretur,
2645 542 2716 607 &
2738 560 3027 635 corpora

601 648 864 717 interim
887 649 1110 714 omnia
1128 642 1218 712 ibi
1239 642 1959 714 existentiarecederent
1979 636 2209 710 eadem
2233 635 2567 709 celeritate
2585 679 2608 713 ‚
2643 661 2774 733 qua
2790 662 3025 709 manus.

602 744 820 815 nostra
846 741 1141 827 accedit,
1174 742 1482 833 dutjtiem
1513 741 1685 812 certe
1727 739 1978 811 nullam.
1991 738 2389 810 sentiremus.
2441 732 2574 808 Sed
2592 760 2675 806 an
2692 733 2851 807 ideo
2869 762 3022 809 cor-

601 870 769 945 pora
809 842 892 913 fic
926 841 1295 915 recedentia
1332 840 1620 914 naturam
1652 846 1949 939 corporis
1977 836 2241 911 amisisse
2274 839 2559 937 cogitare
2594 835 2816 909 liceret
2852 856 2874 910 ἒ
2933 840 3018 909 Et

603 943 764 1041 quid
780 942 867 1012 est
892 939 1532 1037 manifesti1133qu31m
1560 967 1695 1011 rem
1720 940 1991 1011 mollem
2011 937 2191 1040 polii:
2209 936 2535 1021 indurari,
2555 932 2786 1008 duram
2804 934 3018 1007 emol-

602 1045 701 1115 liri
719 1088 743 1121 ‚
773 1068 912 1112 non
949 1040 1168 1113 amissa
1202 1068 1325 1112 nec
1392 1064 1616 1136 ropter
1630 1039 1763 1110 hoc
1781 1065 1901 1111 nec
1924 1063 2195 1138 propter
2213 1035 2375 1108 illud
2395 1043 2691 1135 corporis
2709 1033 3014 1107 essentia?

600 1149 674 1219 Si
700 1140 898 1213 molle
917 1142 1004 1215 est
1025 1141 1211 1239 quod
1225 1068 1413 1210 faciYe
1437 1137 1614 1212 cedit
1634 1144 1832 1212 tastui
1855 1191 1876 1224 ,
1905 1140 2066 1237 quid
2091 1136 2353 1210 mollius
2374 1139 2567 1209 a'e‘re?
2616 1134 3017 1208 Atincluda-

603 1268 704 1317 tur
731 1240 950 1314 vesicae
972 1286 992 1319 ‚
1034 1241 1232 1312 durus
1254 1246 1374 1311 erit
1393 1280 1415 1315 ³
1446 1238 1686 1310 resistet
1721 1246 1895 1310 enim
1919 1245 2147 1329 tactui,
2183 1235 2342 1308 haut
2367 1234 2542 1307 secus
2570 1261 2645 1306 ac
2663 1233 2878 1308 saxum
2894 1234 3018 1307 ali-

492 1432 503 1442 ·
600 1341 820 1442 quod3
864 1349 1014 1439 quia
1048 1339 1244 1415 vesica
1275 1335 1446 1438 quasi
1470 1364 1726 1414 carcere
1748 1345 2066 1412 coe'rcitus
2085 1336 2386 1409 recedere
2402 1341 2657 1432 nequit.
2707 1337 3018 1407 Frumen-

601 1470 742 1517 tum
780 1441 1018 1514 durum
1050 1441 1186 1519 est,
1215 1462 1589 1527 conteratur
1607 1446 1682 1510 in
1695 1436 1967 1515 farinam
1988 1484 2009 1518 ‚
2046 1443 2166 1510 etit
2181 1436 2402 1509 molle.
2464 1438 2693 1508 Farina
2713 1443 3017 1536 compin-
3121 1445 3125 1451 ’

648 1569 786 1616 atur
806 1549 874 1612 in
890 1539 1144 1612 saccum
1165 1594 1187 1627 ‚
1219 1545 1342 1613 erit
1366 1539 1624 1629 durior,
1648 1538 2044 1643 dispergatur
2056 1540 2281 1640 postea
2295 1562 2413 1638 pet
2432 1540 2647 1607 a'c‘rem
2666 1592 2691 1625 ‚
2706 1536 3019 1610 eriemol-

626 1643 853 1714 iffima.
2826 1700 2833 1706 .

701 1769 770 1830 9.
822 1747 910 1815 At
956 1769 1319 1842 ponamus,
1359 1771 1599 1842 corpus
1640 1767 1843 1815 omne
1887 1738 2007 1812 esse
2049 1738 2309 1827 sensile,
2349 1764 2470 1811 nec
2495 1737 2672 1839 posse
2700 1732 3032 1809 sensibile&⁴
3096 1750 3103 1757 ‘

602 1866 844 1915 omnes
877 1846 1217 1941 qualitates
1249 1843 1434 1917 simul
1471 1847 1510 1918 a
1531 1868 1814 1943 corpore
1838 1838 2022 1926 tolli,
2051 1845 2347 1939 quamvis
2365 1839 2500 1913 haec
2516 1862 2626 1911 aut
2641 1837 2748 1909 illa
2766 1833 3018 1909 aufera-

603 1964 708 2017 tur
728 1995 750 2028 ‚
788 1966 1014 2015 natura
1051 1952 1188 2039 ejus
1209 1948 1458 2045 integra
1473 1966 1890 2027 remanente,
1926 1967 2011 2012 an
2028 1940 2182 2012 inde
2200 1938 2560 2017 efficietur,
2607 1944 2906 2037 corporis
2926 1934 3020 2008 es-

600 2040 874 2114 sentiam
905 2047 971 2133 in
1006 2040 1412 2115 sensibilitate
1443 2041 1828 2115 consistere?
1864 2040 2077 2112 Nullo
2110 2040 2348 2113 modo.
2418 2042 2601 2111 Nam
2640 2037 2804 2135 quid
2840 2035 3031 2110 aliud

575 2142 694 2220 rest
729 2138 1094 2213 sensibilitas
1129 2142 1328 2240 quam
1366 2169 1625 2217 externa
1649 2147 1946 2243 corporis
1965 2138 2047 2212 ab
2065 2138 2449 2212 habitudine
2465 2140 2541 2212 ad
2570 2135 2773 2211 sensus
2789 2137 3024 2211 huma·

600 2268 727 2320 nos
763 2247 967 2341 petita
984 2240 1490 2317 denominatio?
1539 2242 1729 2344 Qd
1751 2266 1971 2316 autem
1992 2238 2313 2341 respectus
2330 2240 2436 2311 ille
2452 2240 2537 2312 ad
2554 2239 2896 2342 positivam
2919 2262 3019 2310 at.-

600 2367 727 2439 que
758 2338 1163 2430 absolutam,
1200 2370 1404 2440 quam
1434 2342 1636 2416 solam
1659 2347 2006 2443 quaerimus
2030 2396 2051 2426 ‚
2091 2341 2775 2440 eorporis-essentiam?
2815 2335 3019 2438 Qsi

597 2443 757 2516 veto
798 2468 1033 2542 corpus
1064 2441 1185 2514 este
1209 2444 1461 2516 nullum
1485 2442 1736 2544 posset,
1772 2441 1885 2515 nis-i
1909 2439 2118 2515 horno
2146 2496 2168 2527 ,
2212 2439 2324 2512 nisi
2345 2438 2784 2514 sensusessent.
2842 2444 3020 2512 Cor-

593 2547 778 2645 poris
797 2541 935 2629 vel,
971 2541 1158 2640 quod
1177 2543 1354 2615 idem
1372 2548 1461 2616 est
1481 2600 1501 2631 ,
1534 2549 1827 2617 Materiae
1848 2542 2174 2616 essentiam
2197 2546 2563 2642 quaerimus.
2613 2545 2775 2621 Haec
2794 2547 2858 2613 in
2880 2537 3027 2628 for--

592 2649 727 2715 mis
765 2653 833 2716 δε
858 2643 1281 2742 qualitatibus
1298 2642 1636 2718 consistere
1654 2649 1885 2742 nequit
1908 2697 1930 2730 ,
1968 2651 2288 2742 quoniam
2311 2643 2446 2716 haec
2467 2647 2689 2715 omnia
2700 2644 3020 2742 principia.

595 2748 805 2817 activa
825 2743 997 2815 sunt.
1042 2750 1129 2815 At
1149 2752 1230 2819 M
1234 2753 1429 2818 aretia
1444 2748 1533 2816 est
1558 2746 1811 2845 aliquid
1828 2742 2178 2844 passivum,
2214 2743 2678 2842 utloquuntur.

590 2871 596 2882 ·
633 2849 638 2852 ’
703 2868 730 2910 1
745 2868 816 2911 o.
863 2845 1213 2937 Postquam
1228 2850 1318 2915 ita
1334 2851 1775 2945 cognovimus
1792 2898 1811 2925 ,
1829 2843 2096 2916 mullum
2119 2842 2405 2915 sensibile
2425 2867 2742 2942 quatenus
2757 2836 2881 2910 tale
2902 2893 2923 2923 ‚
2944 2860 3016 2908 ut

599 2964 837 3036 corpus
874 2941 1024 3010 vert}
1060 2939 1131 3012 sit
1157 2966 1397 3040 corpus
1422 2996 1443 3029 ,
1477 2945 1769 3030 efficere3
1812 2951 2251 3015 examinemus
2271 2946 2475 3043 porro
2498 2997 2517 3030 ‚
2549 2969 2705 3014 num
2727 2937 2887 3037 quid
2918 2942 3020 3008 in-

597 3037 861 3111 tellectu
877 3037 1046 3109 elate
1064 3063 1138 3109 ac
1156 3037 1450 3113 distincte
1467 3067 1664 3138 queat
1681 3048 1955 3142 percipi,
1974 3044 2157 3140 quod
2183 3071 2299 3116 cor
2350 3047 2482 3116 otis
2504 3042 2832 3115 essentiam
2856 3063 3020 3110 con-

596 3140 828 3243 stituat.
902 3140 1122 3209 Certe*
1151 3166 1293 3236 quae
1314 3153 1378 3212 2.
1394 3140 1482 3213 th.
1504 3147 1571 3212 in
1590 3150 1809 3241 primo
1829 3140 2061 3213 ordine
2083 3072 2514 3217 recensiiimus
2536 3197 2558 3228 ,
2595 3141 2765 3230 clara
2783 3137 2925 3210 sunt
2939 3162 3017 3208 ac

596 3238 933 3309 manifesta
955 3238 1516 3338 omma,-nihilque
1536 3241 1809 3341 amplius
1834 3243 2295 3339 inquirendum
2309 3245 2522 3321 restat,
2546 3243 2743 3342 quam
2767 3237 2929 3338 quid
2946 3263 3024 3310 ex

595 3334 718 3411 illis
733 3341 1021 3436 primum
1035 3333 1192 3408 sit&
1210 3341 1617 3435 potiffimum
1638 3353 1705 3414 δε
1725 3342 1898 3440 quasi
1919 3341 2098 3413 radix
2110 3367 2518 3415 caeterorum.
2751 3361 2758 3366 '

701 3463 728 3507 1
755 3462 778 3508 1
796 3482 817 3504 .
862 3439 1012 3504 Situs
1028 3459 1245 3506 autem
1261 3440 1560 3538 adeoque
1581 3443 1803 3524 loeus,
1833 3441 2125 3514 distantia
2145 3452 2213 3516 &
2239 3463 2420 3514 motus
2434 3467 2694 3543 ponunt
2707 3439 2827 3514 effe
2851 3440 3017 3544 figu-

595 3560 733 3609 tam
767 3541 846 3607 in
872 3532 1300 3635 corporibus,
1337 3566 1480 3636 quae
1508 3550 1652 3636 jam·
1681 3547 1752 3614 in
1796 3540 2056 3629 mundo
2092 3541 2288 3616 divisa
2323 3540 2462 3617 sunt
2479 3570 2555 3615 ac
2573 3543 2894 3615 distineta.
2947 3542 3018 3615 Si

594 3631 792 3733 ipsam
823 3641 1203 3708 cunetarum
1244 3663 1461 3710 rerum
1493 3641 1881 3712 divisionem
1914 3645 2131 3742 primo
2170 3670 2286 3745 pet
2317 3670 2579 3719 motum
2616 3641 2858 3717 saetam
2895 3638 3025 3714 esse

598 3733 958 3807 contendas
975 3781 1004 3814 >
1026 3741 1249 3835 utique
1271 3745 1464 3812 etiam
1481 3740 1583 3811 ille
1600 3767 1839 3841 corpus
1859 3742 2196 3816 dividuum
2216 3744 2631 3819 &extensum
2654 3740 3020 3845 praesuppo-

594 3833 813 3907 nebat.
864 3835 973 3907 Ad
1006 3836 1283 3936 figuram
1313 3847 1642 3938 pertinent
1659 3845 1885 3914 raritas
1906 3868 1981 3912 ac
2008 3841 2320 3921 densitas,
2353 3843 2675 3946 porositas
2692 3870 2767 3916 ac
2791 3841 3019 3914 solidi-

591 3957 724 4016 tas.
760 3935 1072 4039 Namque
1088 3959 1159 4011 ut
1180 3944 1436 4046 ratione
1458 3946 1791 4020 exterioris
1805 3943 2214 4048 figurationis
2226 3952 2493 4050 corpori
2516 3943 2826 4020 tribuitur
2845 3943 3021 4020 lxvi.-

1708 4081 1715 4087 “
2922 4066 3038 4116 838-
