3391 4418
623 120 794 222 '406
1126 103 1812 195 conponis
1889 129 2038 215 ¹³17
2111 104 2575 197 Aurum.

632 304 638 313 ⁴
675 248 700 261 '¹
732 249 790 319 5.
843 223 942 292 Ita
973 226 1091 319 per
1120 240 1418 290 naturam
1434 215 1818 291 cumverbis
1838 242 1952 289 ore
1972 215 2261 290 humano
2280 215 2555 315 prolatis
2577 224 2649 291 δε
2664 214 2818 290 aute
2840 221 3049 296 nostra

629 325 907 423 receptis
933 317 1093 390 nihil
1109 315 1301 390 aliud
1340 322 1806 417 conjungimus
1823 368 1847 401 ,
1879 317 2078 417 quam
2099 319 2605 420 perceptionem.
2619 313 2797 391 soni:
2828 322 2897 390 in
2923 348 3051 421 quo

630 414 1262 503 vocabulorumeffi:
1296 417 1625 489 materiale
1645 413 1952 489 consistit.
2164 490 2171 499 ,
2302 446 2307 455 ·
2850 468 2863 507 :-
2974 476 2981 483 .

728 532 802 597 6.
850 523 940 593 At
960 544 1077 619 per
1094 512 1396 586 habitum
1420 524 1491 589 δε
1514 511 2051 587 confiietudinem
2067 512 2376 613 paulatim
2396 541 2550 588 cum
2566 508 2797 589 iisdem
2819 542 3053 590 eorun-

638 624 795 699 dem
815 616 1170 696 verborum
1199 611 1368 685 sonis
1384 666 1403 695 ,
1426 613 1665 713 quibus
1684 640 1867 687 aures
1889 615 2120 687 nosttae
2146 612 2384 686 eodem
2405 616 2622 688 modo
2641 616 3011 701 afficiuntur
3029 663 3050 697 ‚

629 730 735 798 -uti
777 721 863 793 ab
893 720 1084 787 initio
1119 718 1270 787 vita:
1307 710 1887 798 affectae-fuerunt,
1932 719 2391 812 perceptiones
2422 742 2637 787 retum
2671 713 3053 815 significata-

636 818 782 898 'mm
804 865 828 898 ,
859 823 927 888 in
946 841 1084 914 quo
1101 810 1577 888 vocabulorum
1596 810 1721 886 effe
1736 810 2014 887 formale
2035 809 2229 886 fitum
2244 813 2336 885 est
2350 866 2372 900 ‚
2394 822 2642 888 animus
2661 818 2879 888 noster
2892 842 3055 889 con·

639 925 869 995 nestit.
2148 984 2157 991 .
2982 982 2990 988 .

626 1038 632 1049 ·
740 1048 807 1111 7.
862 1023 1083 1119 Atque
1132 1017 1271 1092 haec
1307 1017 1636 1119 posterior
1681 1017 2069 1113 conjunctio
2123 1010 2278 1115 saepe
2310 1019 2516 1116 priori
2552 1012 2792 1114 aliquid
2824 1014 3055 1102 addit,

637 1121 804 1223 saepe
823 1127 1020 1193 etiam
1036 1120 1088 1211 -(
1106 1117 1294 1216 quod
1314 1115 1645 1199 mirabile)
1682 1121 1833 1189 actu
1848 1115 2038 1187 valde
2057 1111 2310 1187 intenso
2328 1141 2442 1188 aut
2458 1114 2761 1213 longiore
2782 1113 2890 1188 usu
2908 1143 3052 1188 eam

621 1217 1152 1321 quodammodo
1189 1216 1523 1305 obliterat:
1560 1216 1734 1288 adeo
1760 1239 1830 1287 ut
1849 1213 2108 1288 habitus
2130 1223 2200 1286 &
2218 1211 2703 1290 consuetudinis
2727 1210 2903 1287 futei
2920 1261 2939 1290 2
2979 1238 3050 1286 ut

641 1348 792 1395 cum
816 1330 1022 1395 Poeta
1048 1316 1282 1415 loquar
1302 1363 1326 1398 ‚
1361 1340 1657 1388 naturam
1683 1315 2002 1414 expellere
2023 1313 2240 1383 liceat.
2550 1329 2553 1332 ⁴

662 1438 666 1445 '
699 1427 808 1495 Ἴ*8.
862 1425 972 1492 Ex.
995 1441 1091 1517 gr.
1124 1415 1423 1488 adulti&
1442 1416 1679 1518 linguae
1699 1411 1844 1486 satis
1861 1418 2049 1513 periti
2079 1410 2162 1482 de
2186 1410 2348 1483 sono
2366 1408 2696 1484 literarum
2716 1413 2796 1486 ad
2820 1440 3052 1485 unum-

635 1519 958 1620 quodque
992 1514 1392 1598 vocabulum
1426 1520 1891 1614 pertinentium
1926 1519 2027 1583 vix
2045 1509 2320 1609 amplius
2347 1519 2755 1611 cogitamus,
2792 1509 2907 1586 soli
2926 1538 3048 1586 vo-

635 1646 791 1694 cum
813 1616 1271 1719 significationi
1292 1610 1612 1713 totiusque
1635 1618 1950 1686 orationis
1969 1608 2172 1681 sensui
2198 1615 2453 1681 intenti.
2918 1686 2924 1691 ‚

738 1747 810 1809 9.
856 1723 964 1792 Sic
997 1720 1412 1787 inveniuntur
1440 1711 1747 1785 homines
1771 1764 1794 1798 ‚
1843 1717 1957 1810 qui
1997 1708 2294 1781 adhibita
2331 1706 2715 1807 diligentiz'i’,
2751 1710 3051 1784 diuturna

636 1824 823 1894 aliter
856 1814 1114 1890 vivendi
1146 1809 1618 1884 consuetudine
1651 1836 1909 1895 mores,
1958 1807 2044 1881 ad
2080 1835 2251 1907 quos
2282 1814 2581 1908 corporis
2611 1807 2701 1884 sui
2736 1836 3051 1911 tempera-

637 1940 870 1991 mento
899 1910 1012 1984 dis
1044 1909 1449 1991 onebantut‚
1491 1907 1771 1983 multum
1791 1915 2240 1980 immutarunt.
2562 1974 2565 1975 γ

733 2030 850 2085 10.
883 1939 1036 2085 ‚seg
1061 2006 1350 2108 pluribus
1373 2030 1640 2103 quoque
1677 2000 1815 2077 aliis
1832 2008 2142 2107 exemplis
2159 2005 2424 2079 discitur
2445 2059 2467 2093 ,
2500 2009 2853 2106 quomodo
2877 2014 3050 2081 actus

633 2114 834 2185 animi
868 2116 938 2178 δε
961 2111 1260 2205 eorporis
1295 2106 1671 2177 naturaliter
1681 2111 1751 2177 in
1773 2108 2069 2185 Homine
2089 2110 2267 2206 prius
2285 2112 2621 2204 conjuncti
2637 2160 2662 2194 ,
2692 2112 2917 2211 postea
2935 2134 3049 2208 pet

633 2205 936 2282 habitum
971 2203 1238 2306 separari
1257 2201 1502 2305 poffint
1520 2257 1543 2287 ‚
1589 2213 1660 2280 &
1682 2205 1870 2305 quod
1896 2204 2214 2305 ejusmodi
2235 2205 2499 2281 habitus
2522 2206 2626 2282 vel
2651 2236 2772 2310 pet
2791 2215 3049 2284 unicam

636 2313 972 2385 afflonem
993 2308 1243 2403 acquiri
1266 2304 1484 2404 poffit.
1538 2304 1707 2380 Vide
1721 2305 1976 2380 Theor.
2008 2314 2151 2383 Viv.
2178 2334 2321 2408 cap.
2341 2305 2463 2380 ult.

740 2437 767 2481 1
792 2436 817 2479 1
833 2457 853 2479 .
904 2414 1336 2508 Qapropter
1355 2430 1429 2477 ex
1450 2409 1529 2501 iis
1545 2459 1566 2491 ,
1586 2434 1728 2506 quae
1745 2405 1877 2480 hoc
1901 2416 1969 2481 &
1986 2411 2247 2481 XXXII
2269 2415 2482 2509 capite
2500 2406 3053 2492 docuimu5,con-

625 2505 1042 2583 'cludendum
1065 2507 1158 2578 est
1177 2561 1199 2594 ,
1225 2529 1464 2579 nexum
1486 2512 1717 2581 animae
1737 2515 1807 2580 δε
1832 2514 2128 2606 corporis
2145 2514 2212 2580 in
2229 2535 2313 2580 eo
2333 2507 2623 2608 pofitum
2636 2506 2757 2581 effe
2779 2559 2805 2593 ,
2822 2504 3007 2604 quod
3025 2559 3049 2592 ‚

627 2607 747 2685 ubi
769 2608 950 2705 fimet
968 2660 992 2692 ,
1015 2605 1126 2678 seu
1141 2632 1273 2708 per
1293 2629 1587 2679 naturam
1611 2605 1718 2680 seu
1738 2633 1854 2706 per
1886 2605 2183 2694 habitum
2204 2663 2219 2689 ,
2241 2605 2527 2705 aliquam
2555 2607 2882 2681 astionem
2904 2631 3051 2677 cor·

630 2734 906 2811 porcam
943 2732 1132 2780 certae
1166 2706 1358 2779 alicui
1392 2712 1779 2808 cogitationi
1803 2712 2168 2804 junximus,
2199 2705 2402 2779 altera
2435 2708 2688 2803 deinceps
2719 2730 3055 2803 nunquam

633 2807 693 2880 se
713 2804 908 2877 nobis
930 2802 1166 2877 offerat
1183 2851 1208 2886 ‚
1240 2809 1401 2901 quin
1428 2808 1628 2878 altera
1650 2803 1712 2878 se
1736 2815 1976 2906 pariter
1995 2804 2319 2879 exhibeat.
2646 2887 2653 2894 .

734 2932 760 2976 ι
777 2931 842 2976 2.
894 2902 1291 3001 Hujufinodi
1323 2905 1497 2975 certe
1535 2911 1922 3003 conjunctio
1955 2929 2089 2979 tam
2108 2906 2198 2978 est
2219 2909 2457 2978 rationi
2479 2901 2762 2980 consona
2783 2954 2804 2989 ,
2837 2899 3053 3002 quzim

627 3004 790 3079 illud
835 3005 926 3074 est
961 3001 1465 3075 consentaneum
1492 3050 1534 3086 ‚.
1569 3027 1674 3086 ut,
1711 3004 1827 3076 ubi
1857 3004 2059 3090 iemelr
2091 3007 2423 3105 quaestioni
2458 3005 2652 3077 alicui
2696 3001 2753 3074 fa
2799 3006 3002 3073 ienter
3022 3047 3049 3081 ,

617 3105 804 3174 ‘bene
833 3126 916 3172 ac
930 3096 1323 3174 sufficienter
1340 3101 1434 3171 est:
1450 3097 1821 3201 responsum
1840 3157 1861 3189 ,
1895 3110 2089 3177 toties
2109 3103 2341 3177 eadem
2359 3101 2661 3178 afferatur
2677 3028 3002 3203 telponfio
3023 3154 3048 3189 ,

627 3203 891 3302 quoties
922 3196 1154 3271 eadem
1200 3199 1461 3295 quaestio
1499 3206 1794 3275 recurrit.
1842 3201 2109 3276 Confer
2136 3229 2281 3302 cap.
2301 3209 2578 3277 xxxn.
2602 3204 2669 3291 9·
2729 3208 2835 3276 Sic
2865 3227 3053 3272 certae

615 3297 777 3404 'juris
805 3293 1102 3369 formulae
1139 3294 1280 3370 finnt
1307 3299 1709 3388 constitutae,
1741 3327 1884 3400 qua:
1927 3327 2307 3403 repetuntur
2341 3308 2599 3401 quoties
2637 3299 2815 3386 idem
2849 3324 3089 3402 nego-7

623 3407 814 3483 tium·
825 3395 1297 3500 peragendum.
1647 3483 1656 3492 ·

711 3531 714 3540 ·
743 3526 845 3598 13·
899 3504 984 3571 In
1012 3496 1120 3568 tali
1160 3498 1587 3572 materialium
1620 3501 2272 3602 immaterialiumque
2294 3509 2558 3578 actuum
2580 3502 2664 3576 ad
2690 3499 3053 3575 seinvicem

639 3595 1028 3671 habitudine
1060 3604 1131 3670 &
1155 3620 1380 3669 mutua
1400 3596 1570 3694 quasi
1594 3596 1979 3696 sympathia,
2013 3629 2141 3694 qua
2170 3603 2362 3675 semel
2394 3607 2593 3696 juncti
2627 3612 2859 3678 iterum
2894 3629 3060 3674 con·

609 3733 616 3744 ·
638 3702 818 3794 jungi
846 3720 1066 3768 amant
1080 3749 1103 3782 ‚
1121 3693 1317 3770 semel
1329 3722 1729 3771 concurrere
1747 3695 1969 3772 affueti
1987 3698 2190 3788 rursus
2209 3728 2588 3798 concurrere
2605 3702 2925 3807 gaudent,
2940 3703 3070 3786 fita,

634 3793 728 3865 est
757 3799 1249 3892 conjunctionis
1279 3794 1469 3890 hujus
1497 3798 1888 3872 constantia:
1928 3851 1935 3856 «
2142 3815 2153 3820 ’

745 3917 852 3994 ¹4·
910 3898 1041 3969 Cui
1070 3917 1294 3970 tamen
1319 3898 1632 3973 limitatio
1654 3951 1678 3985 ,
1705 3923 1907 4001 quam
1944 3897 2230 3978 diximus
2248 3953 2272 3990 ,
2299 3901 2406 3978 seu
2427 3903 2861 3984 inconstantia
2878 3928 3067 4075 qdlae-

2588 4031 2601 4038 ·
2954 4030 3069 4079 am
