3391 4418
1020 125 1431 211 Pars
1504 149 1780 210 rea
1852 123 2276 219 -xv111.
2692 154 2839 240 ¹7¹

375 246 662 350 equales
678 242 1006 320 dividatur
1037 296 1058 329 ‚
1113 266 1243 315 una
1262 265 1410 341 pars
1432 263 1567 314 tam
1590 244 1732 315 cito
1756 294 1778 328 ‚
1834 240 2040 339 quam
2064 242 2265 314 altera
2282 234 2665 312 movebitur
2692 294 2714 330 ,
2749 270 2849 319 at.

378 376 514 450 que
535 354 626 420 ita
638 344 1080 446 adaequabunt
1099 366 1363 415 motum
1384 348 1683 445 corporis
1705 345 1979 415 minoris
2016 341 2288 416 celerius
2316 343 2515 425 moti,
2543 336 2844 448 finempe

378 451 660 523 duarum
679 449 936 522 illarum
952 450 1239 546 partium
1265 468 1531 519 motum
1551 440 1871 517 addendo
1891 449 1956 514 in
1977 439 2296 520 summam
2318 436 2683 514 contrahas.

481 577 598 623 22.
646 555 751 624 Sic
787 545 1051 649 aequalis
1076 542 1376 619 mensura
1396 569 1631 618 motus
1666 551 1736 615 in
1759 542 2019 617 mundo
2044 550 2240 618 etiam
2273 539 2688 616 conservatur
2708 594 2727 622 ,
2757 539 2831 631 fi,

373 650 630 749 quanto
655 674 876 723 motus
905 652 1094 722 unius
1115 650 1421 746 eorporis
1442 653 1648 749 magis
1670 643 2035 718 retardatur
2053 699 2074 731 ,
2112 647 2299 718 tanto
2326 667 2548 717 motus
2569 642 2832 717 alterius

367 751 488 851 ipfi
510 751 764 849 aequalis
798 745 1090 849 (semper
1108 754 1285 819 enim
1305 748 1576 848 aequalia
1593 742 1957 847 aequalibus
1981 744 2457 848 comparanda)
2483 747 2689 843 magis
2717 769 2829 815 ac-

368 849 709 925 celeratur.

467 977 581 1049 23.
638 949 750 1024 Ad
773 949 915 1022 haec
932 953 1128 1048 igitur
1151 954 1271 1049 qui
1290 949 1391 1023 vel
1412 946 1738 1022 tantillum
1758 948 2044 1022 advertit
2063 948 2360 1017 animum
2386 996 2408 1029 ,
2462 970 2602 1016 non
2624 943 2827 1018 dubi-

366 1049 575 1133 tabit,
624 1058 788 1152 quin
808 1048 1041 1120 eadem
1066 1073 1292 1121 motus
1330 1054 1657 1148 quantitas
1690 1052 1761 1120 in
1800 1047 2056 1121 mundo
2095 1042 2346 1145 semper
2375 1048 2535 1138 possit
2564 1071 2826 1145 perma-

364 1177 522 1225 nere
542 1183 563 1238 3
596 1175 665 1223 at
687 1146 871 1248 quod
897 1171 1117 1219 revera
1136 1154 1334 1220 etiam
1352 1171 1586 1222 maneat
1605 1199 1626 1227 ‚
1643 1147 1714 1219 id
1730 1150 1819 1221 est
1838 1148 2029 1250 quod
2045 1145 2252 1221 fidem
2264 1146 2700 1247 plurimorum
2721 1141 2827 1218 su-

411 1274 554 1324 erat
574 1305 598 1337 ,
629 1252 954 1348 quoniam
974 1250 993 1315 i
1045 1243 1089 1316 si
1109 1243 1315 1318 sensus
1335 1247 1419 1316 ab
1441 1252 1707 1322 ineunte
1737 1272 1918 1322 aetate
1935 1253 2332 1321 contrarium
2352 1244 2662 1319 videntur
2671 1246 2823 1347 per-'-

363 1280 591 1449 {piene
620 1373 745 1419 nos
773 1344 971 1416 docui
1024 1371 1083 1416 e.
1136 1347 1298 1417 Nun
1350 1346 1463 1417 uid
1500 1354 1673 1418 enim
1695 1355 1847 1420 novi
1878 1374 2098 1421 motus
2128 1345 2641 1447 producitionem
2662 1372 2823 1446 pro·

372 1448 494 1519 bat
517 1448 898 1541 animalium
921 1467 1114 1516 antea
1145 1372 1615 1541 quiepcentium
1651 1446 1920 1517 iticess'us
1939 1490 1963 1523 ‚
2022 1445 2270 1518 volatus
2296 1499 2317 1530 ‚
2351 1452 2632 1546 reptatio
2661 1490 2685 1523 ‚
2708 1470 2824 1516 na-

376 1550 547 1620 tatio
568 1564 591 1617 ἓ
626 1542 954 1643 Nunquid
972 1540 1240 1641 alicujus
1263 1567 1486 1617 motus
1520 1545 1858 1619 interit‘um
1878 1551 2088 1646 arguit
2102 1545 2231 1647 pila
2258 1571 2489 1646 magna
2506 1550 2567 1618 vi
2591 1548 2659 1616 in
2681 1570 2822 1616 are·-

377 1672 481 1722 nae
527 1646 873 1721 cumulum
917 1648 1255 1743 eonjeffli,
1314 1653 1495 1741 cujus
1537 1664 1719 1719 motus
1765 1643 2044 1719 cessante
2089 1671 2296 1719 arenae
2329 1670 2612 1719 tremore
2642 1669 2821 1720 totus

370 1744 632 1849 petiiffe
660 1743 967 1821 videtur?

470 1873 587 1946 24.
640 1842 1111 1920 Confideretut
1130 1842 1342 1918 modo
1367 1843 1967 1922 vehementiffimus
1992 1846 2100 1920 ille
2131 1869 2353 1919 motus
2373 1898 2395 1932 ,
2444 1849 2561 1943 qui
2598 1843 2837 1930 multo‘

368 1970 524 2019 cum
553 1952 801 2048 crepitu
832 1955 903 2020 &
942 1946 1206 2046 strepitu
1238 1954 1481 2049 magno
1534 1972 1614 2021 ue
1644 1949 1957 2024 concuffu
1979 1954 2293 2039 excitatur
2311 1990 2341 2032 ς
2385 1948 2651 2044 quoties
2679 1969 2821 2016 tor-

362 2067 661 2119 mentum
688 2045 991 2121 bellicum
1009 2045 1402 2149 exploditur.
1460 2055 1489 2122 1
1541 2073 1577 2119 e
1594 2048 1905 2148 equidem
1925 2047 2172 2160 fragor,
2194 2054 2265 2121 &
2281 2071 2400 2146 per
2416 2041 2818 2145 consequens
2895 2096 2900 2105 ·

363 2144 470 2219 ille
491 2171 741 2236 motus,
759 2171 899 2221 non
915 2146 1034 2219 nifi
1051 2147 1133 2220 ad
1154 2171 1407 2223 certum
1423 2143 1698 2250 aliquod
1728 2147 2002 2250 spatium
2023 2156 2087 2222 ie'
2102 2142 2416 2222 diffundit
2440 2200 2461 2234 ,
2484 2144 2819 2247 habetque

362 2247 649 2348 aliquam
667 2247 1016 2322 affivitatis
1037 2246 1157 2322 suae
1176 2245 1485 2346 sphaeram
1524 2260 1630 2343 (ut
1651 2247 2049 2348 loquuntur)
2084 2253 2250 2323 intra
2269 2273 2469 2347 quam
2499 2246 2818 2345 circulum

359 2345 546 2422 suum
567 2352 853 2445 peragit:
892 2353 1056 2442 (jam
1080 2354 1255 2418 enim
1273 2372 1399 2447 pro
1417 2371 1602 2421 certo
1627 2345 1945 2422 habemus
1966 2348 2002 2420 ὲ
2019 2346 2302 2451 superius
2324 2344 2654 2448 disputatis
2677 2401 2698 2433 ,
2738 2373 2823 2419 o-

362 2469 592 2516 mnem
630 2466 891 2515 motum
919 2444 1062 2513 fieri
1083 2471 1202 2542 pet
1218 2446 1590 2540 circulum.)
1650 2450 1850 2547 Qia
1883 2474 2045 2547 ergo
2078 2455 2441 2520 concitatus
2460 2446 2563 2516 ille
2592 2468 2817 2519 motus

362 2545 405 2617 d
441 2564 784 2615 tormento
798 2537 1164 2638 productus
1200 2567 1382 2614 certo
1411 2570 1488 2615 ae
1525 2543 1805 2617 definito
1846 2544 2147 2642 quodam
2190 2542 2397 2644 spatio
2419 2543 2821 2630 includitur3

365 2670 447 2717 ac
472 2659 618 2713 n'on
648 2634 768 2709 nifi
844 2662 915 2706 er
930 2633 1128 2707 breve
1149 2660 1407 2739 tempus
1425 2639 1688 2730 sentitur
1705 2693 1726 2726 ‚
1765 2667 1917 2734 eum
1932 2642 2135 2740 paulo
2151 2641 2300 2741 post
2326 2646 2557 2710 iterum
2583 2640 2776 2711 eeffet
2791 2694 2819 2727 ,

360 2741 629 2822 videtur
667 2663 1139 2812 evidentiffime
1161 2733 1338 2836 sequi
1361 2792 1383 2827 ,
1410 2738 1533 2812 illo
1552 2738 1781 2813 saltem
1820 2763 2164 2841 tempore,
2200 2764 2344 2839 quo
2362 2734 2811 2839 perstrepebat

363 2863 765 2939 motumque
796 2833 1014 2910 ciebat
1053 2840 1504 2919 tormentum}
1537 2836 1723 2914 fitisse
1746 2842 1894 2945 plus
1927 2863 2147 2915 motus
2167 2847 2235 2914 in
2269 2836 2526 2913 mundo
2549 2894 2570 2928 ,
2608 2837 2813 2941 quam

363 2946 572 3021 fuerat
588 2963 805 3014 antea·
859 2939 967 3010 An
982 2939 1139 3010 vero
1156 2961 1377 3013 motus
1398 2937 1506 3012 ille
1536 2942 1765 3045 postea
1781 2963 2165 3048 permaneat
2181 2997 2202 3030 ,
2257 2967 2338 3013 an
2360 2939 2550 3014 eeffet
2582 2966 2809 3015 revera

373 3043 626 3139 (sensus
644 3038 922 3142 quidem
933 3036 1173 3113 cellite
1192 3065 1343 3113 eum
1355 3038 1657 3139 judicat)
1693 3069 1925 3145 pamm
1956 3042 2174 3117 refert.
2225 3041 2642 3116 Salteminde
2665 3042 2808 3114 eol·
2872 3089 2876 3095 -

367 3149 591 3248 ligitur
603 3200 628 3238 ι,
667 3165 892 3216 motus
912 3193 933 3225 ,
962 3146 1076 3311 ἔτί
1092 3145 1159 3210 in
1181 3140 1433 3214 mundo
1453 3144 1543 3215 est
1559 3196 1584 3232 ‚
1611 3151 2047 3244 quantitatem
2068 3143 2425 3242 aliquando
2450 3169 2527 3213 au
2578 3147 2697 3215 eri.

473 3265 585 3335 25.
634 3249 793 3342 Qa
807 3267 882 3312 ex
899 3239 967 3311 di
1042 3240 1282 3314 cultate
1299 3265 1370 3314 ut
1383 3268 1506 3316 nos
1519 3250 1902 3319 extricemus
1917 3297 1938 3332 ,
1977 3241 2455 3317 observandum
2476 3270 2509 3315 e
2580 3298 2602 3332 ‚
2622 3241 2813 3315 senfi-

367 3344 581 3420 busin
597 3341 729 3416 hoc
748 3345 1026 3443 negoti'o
1047 3366 1185 3413 non
1206 3366 1549 3444 tantopere
1565 3342 1687 3417 effe
1707 3345 2054 3417 fidendum
2074 3349 2099 3421 3
2134 3345 2284 3416 cum
2308 3369 2432 3416 nos
2447 3349 2512 3415 in
2529 3371 2595 3416 re
2610 3369 2808 3444 pror-

366 3445 468 3524 sus
484 3441 674 3519 fimih·
686 3452 822 3541 jam
843 3444 879 3514 a
901 3447 1115 3541 pueris
1131 3440 1501 3519 fefellerint.
1555 3443 1807 3517 Eadem
1829 3435 2115 3545 namque
2132 3451 2386 3518 ratione
2407 3490 2427 3526 ‚
2501 3471 2586 3516 ua
2609 3441 2808 3515 indu-

365 3553 576 3623 cimur
593 3542 680 3618 ad
697 3541 1102 3616 credendum
1121 3593 1147 3630 ,
1181 3570 1318 3618 uno
1333 3568 1636 3647 tempore
1650 3547 1797 3646 plus
1820 3544 1941 3619 effe
1959 3569 2180 3619 motus
2199 3553 2263 3619 iu
2287 3472 2543 3620 mundo
2564 3599 2586 3634 ‚
2602 3540 2826 3644 qudm'

366 3649 498 3724 alio
515 3694 541 3728 ‚
577 3653 776 3720 etiam
805 3666 1113 3746 putamus
1136 3697 1160 3730 ‚
1193 3643 1347 3718 alias
1365 3647 1553 3746 plus‘,
1588 3646 1736 3742 aliis
1751 3648 1964 3720 minus
1981 3655 2046 3719 in
2066 3644 2360 3719 universo
2380 3646 2500 3720 effe
2522 3650 2809 3720 matetiae

366 3747 474 3823 seu
507 3738 869 3822 substantia:
898 3768 1263 3846 corporeae.
1311 3749 1496 3820 Dum
1528 3751 1707 3819 enim
1728 3745 2096 3822 luculentus
2116 3749 2438 3821 instruitur
2455 3753 2616 3850 ignis
2636 3803 2658 3834 ,
2690 3748 2810 3846 qui

363 3852 543 4028 ffiffis
560 3876 700 3923 non
723 3844 1080 3949 apparebat
1098 3900 1120 3935 ,
1136 3850 1568 3921 existimamus
1586 3874 1836 3922 novum
1853 3847 2131 3950 aliquod
2150 3876 2386 3951 corpus
2402 3853 2467 3920 in
2490 3848 2655 3921 orbe
2676 3851 2809 3920 exi-

457 3978 526 4027 re
541 3985 564 4043 3
600 3950 893 4050 dumque
905 3946 1175 4023 flamma
1188 3952 1606 4056 exstinguitur
1627 4003 1648 4038 ,
1679 3974 1989 4053 putamus
2004 3979 2151 4028 eam
2169 3952 2290 4026 effe
2308 3946 2813 4057 definere,quo·

895 4059 900 4064 ’
1774 4057 1838 4126 Y
1891 4079 1938 4129 2
2629 4058 2807 4118 mam
