<?xml version="1.0" encoding="UTF-8"?>
<!DOCTYPE html PUBLIC "-//W3C//DTD XHTML 1.0 Transitional//EN"
    "http://www.w3.org/TR/xhtml1/DTD/xhtml1-transitional.dtd">
<html xmlns="http://www.w3.org/1999/xhtml" xml:lang="en" lang="en">
 <head>
  <title>
</title>
<meta http-equiv="Content-Type" content="text/html;charset=utf-8" />
  <meta name='ocr-system' content='tesseract 3.04.00' />
  <meta name='ocr-capabilities' content='ocr_page ocr_carea ocr_par ocr_line ocrx_word'/>
</head>
<body>
  <div class='ocr_page' id='page_1' title='image "./johannisclauber00claugoog_0355.png"; bbox 0 0 3391 4418; ppageno 0'>
   <div class='ocr_carea' id='block_1_1' title="bbox 358 87 2848 2803">
    <p class='ocr_par' dir='ltr' id='par_1_1' title="bbox 358 87 2848 2803">
     <span class='ocr_line' id='line_1_1' title="bbox 769 87 2848 213; baseline -0 -32"><span class='ocrx_word' id='word_1_1' title='bbox 769 87 2473 184; x_wconf 59' lang='lat' dir='ltr'>Conponunvxvn-urmu.</span> <span class='ocrx_word' id='word_1_2' title='bbox 2685 128 2848 213; x_wconf 80' lang='lat'>337</span> 
     </span>
     <span class='ocr_line' id='line_1_2' title="bbox 395 207 2780 310; baseline -0.002 -23"><span class='ocrx_word' id='word_1_3' title='bbox 395 208 602 287; x_wconf 83' lang='lat' dir='ltr'>tebro</span> <span class='ocrx_word' id='word_1_4' title='bbox 622 211 804 282; x_wconf 80' lang='lat' dir='ltr'>nervi</span> <span class='ocrx_word' id='word_1_5' title='bbox 829 211 898 278; x_wconf 88' lang='lat' dir='ltr'>in</span> <span class='ocrx_word' id='word_1_6' title='bbox 920 230 1158 280; x_wconf 82' lang='lat' dir='ltr'>omnes</span> <span class='ocrx_word' id='word_1_7' title='bbox 1172 228 1397 306; x_wconf 82' lang='lat' dir='ltr'>partes</span> <span class='ocrx_word' id='word_1_8' title='bbox 1418 230 1536 278; x_wconf 87' lang='lat' dir='ltr'>cor</span> <span class='ocrx_word' id='word_1_9' title='bbox 1586 211 1719 279; x_wconf 87' lang='lat' dir='ltr'>oris</span> <span class='ocrx_word' id='word_1_10' title='bbox 1737 209 1938 281; x_wconf 86' lang='lat' dir='ltr'>nostri</span> <span class='ocrx_word' id='word_1_11' title='bbox 1960 207 2448 310; x_wconf 84' lang='lat' dir='ltr'>protenduntur</span> <span class='ocrx_word' id='word_1_12' title='bbox 2467 259 2495 296; x_wconf 86' lang='lat'>,</span> <span class='ocrx_word' id='word_1_13' title='bbox 2522 207 2585 310; x_wconf 92' lang='lat'>§.</span> <span class='ocrx_word' id='word_1_14' title='bbox 2603 212 2780 306; x_wconf 87' lang='lat'>480.</span> 
     </span>
     <span class='ocr_line' id='line_1_3' title="bbox 404 233 2836 411; baseline 0.004 -32"><span class='ocrx_word' id='word_1_15' title='bbox 404 303 413 310; x_wconf 72' lang='grc'><strong>’</strong></span> <span class='ocrx_word' id='word_1_16' title='bbox 493 315 677 383; x_wconf 81' lang='lat'><strong>801.</strong></span> <span class='ocrx_word' id='word_1_17' title='bbox 733 305 914 380; x_wconf 75' lang='lat' dir='ltr'>Cum</span> <span class='ocrx_word' id='word_1_18' title='bbox 953 305 1110 406; x_wconf 86' lang='lat' dir='ltr'>ergo</span> <span class='ocrx_word' id='word_1_19' title='bbox 1150 301 1463 386; x_wconf 78' lang='lat' dir='ltr'>dolorem</span> <span class='ocrx_word' id='word_1_20' title='bbox 1500 233 1758 381; x_wconf 67' lang='lat' dir='ltr'>aliudve</span> <span class='ocrx_word' id='word_1_21' title='bbox 1794 314 2076 411; x_wconf 60' lang='lat' dir='ltr'>percipie</span> <span class='ocrx_word' id='word_1_22' title='bbox 2111 331 2425 408; x_wconf 85' lang='lat' dir='ltr'>tanquam</span> <span class='ocrx_word' id='word_1_23' title='bbox 2445 313 2514 380; x_wconf 89' lang='lat' dir='ltr'>in</span> <span class='ocrx_word' id='word_1_24' title='bbox 2532 311 2705 410; x_wconf 88' lang='lat' dir='ltr'>pede</span> <span class='ocrx_word' id='word_1_25' title='bbox 2729 315 2836 388; x_wconf 87' lang='lat' dir='ltr'>vel</span> 
     </span>
     <span class='ocr_line' id='line_1_4' title="bbox 392 403 2837 508; baseline 0.002 -26"><span class='ocrx_word' id='word_1_26' title='bbox 392 434 596 483; x_wconf 85' lang='lat' dir='ltr'>manu</span> <span class='ocrx_word' id='word_1_27' title='bbox 619 430 766 491; x_wconf 86' lang='lat' dir='ltr'>tua,</span> <span class='ocrx_word' id='word_1_28' title='bbox 805 431 887 477; x_wconf 90' lang='lat' dir='ltr'>ne</span> <span class='ocrx_word' id='word_1_29' title='bbox 917 431 1108 505; x_wconf 87' lang='lat' dir='ltr'>putes</span> <span class='ocrx_word' id='word_1_30' title='bbox 1136 403 1423 479; x_wconf 82' lang='lat' dir='ltr'>animam</span> <span class='ocrx_word' id='word_1_31' title='bbox 1451 407 1857 508; x_wconf 73' lang='lat' dir='ltr'>cogitantem</span> <span class='ocrx_word' id='word_1_32' title='bbox 1875 414 1942 480; x_wconf 90' lang='lat' dir='ltr'>in</span> <span class='ocrx_word' id='word_1_33' title='bbox 1966 408 2098 482; x_wconf 87' lang='lat' dir='ltr'>istis</span> <span class='ocrx_word' id='word_1_34' title='bbox 2119 407 2432 483; x_wconf 87' lang='lat' dir='ltr'>membris</span> <span class='ocrx_word' id='word_1_35' title='bbox 2452 411 2837 488; x_wconf 65' lang='lat' dir='ltr'>immediate</span> 
     </span>
     <span class='ocr_line' id='line_1_5' title="bbox 391 501 2836 614; baseline 0.001 -31"><span class='ocrx_word' id='word_1_36' title='bbox 391 514 666 613; x_wconf 84' lang='lat' dir='ltr'>proptia</span> <span class='ocrx_word' id='word_1_37' title='bbox 697 502 813 578; x_wconf 80' lang='lat' dir='ltr'>fibi</span> <span class='ocrx_word' id='word_1_38' title='bbox 846 501 1250 610; x_wconf 83' lang='lat' dir='ltr'>percipiendi</span> <span class='ocrx_word' id='word_1_39' title='bbox 1279 533 1353 579; x_wconf 89' lang='lat' dir='ltr'>ac</span> <span class='ocrx_word' id='word_1_40' title='bbox 1372 503 1688 581; x_wconf 87' lang='lat' dir='ltr'>sentiendi</span> <span class='ocrx_word' id='word_1_41' title='bbox 1707 538 1750 582; x_wconf 96' lang='lat' dir='ltr'>o</span> <span class='ocrx_word' id='word_1_42' title='bbox 1802 535 1908 582; x_wconf 84' lang='lat' dir='ltr'>era</span> <span class='ocrx_word' id='word_1_43' title='bbox 1927 506 2192 610; x_wconf 81' lang='lat' dir='ltr'><strong>defungi</strong></span> <span class='ocrx_word' id='word_1_44' title='bbox 2211 540 2236 594; x_wconf 72' lang='lat' dir='ltr'>i</span> <span class='ocrx_word' id='word_1_45' title='bbox 2267 506 2377 581; x_wconf 92' lang='lat' dir='ltr'>sed</span> <span class='ocrx_word' id='word_1_46' title='bbox 2397 509 2626 610; x_wconf 75' lang='lat' dir='ltr'>potius</span> <span class='ocrx_word' id='word_1_47' title='bbox 2650 520 2836 614; x_wconf 87' lang='lat' dir='ltr'>cogi-</span> 
     </span>
     <span class='ocr_line' id='line_1_6' title="bbox 392 606 2824 707; baseline 0.001 -25"><span class='ocrx_word' id='word_1_48' title='bbox 392 632 491 684; x_wconf 85' lang='lat' dir='ltr'>tes</span> <span class='ocrx_word' id='word_1_49' title='bbox 516 655 540 688; x_wconf 86' lang='lat'>,</span> <span class='ocrx_word' id='word_1_50' title='bbox 568 634 712 680; x_wconf 86' lang='lat' dir='ltr'>eam</span> <span class='ocrx_word' id='word_1_51' title='bbox 748 633 879 707; x_wconf 89' lang='lat' dir='ltr'>ope</span> <span class='ocrx_word' id='word_1_52' title='bbox 910 633 1265 681; x_wconf 85' lang='lat' dir='ltr'>nervorum</span> <span class='ocrx_word' id='word_1_53' title='bbox 1296 606 1381 679; x_wconf 88' lang='lat' dir='ltr'>ab</span> <span class='ocrx_word' id='word_1_54' title='bbox 1416 608 1546 680; x_wconf 78' lang='lat' dir='ltr'>istis</span> <span class='ocrx_word' id='word_1_55' title='bbox 1571 635 1748 681; x_wconf 88' lang='lat' dir='ltr'>mem</span> <span class='ocrx_word' id='word_1_56' title='bbox 1807 615 1887 683; x_wconf 85' lang='lat' dir='ltr'>ris</span> <span class='ocrx_word' id='word_1_57' title='bbox 1916 607 2000 681; x_wconf 84' lang='lat' dir='ltr'>ad</span> <span class='ocrx_word' id='word_1_58' title='bbox 2034 606 2376 683; x_wconf 80' lang='lat' dir='ltr'>cerebrum</span> <span class='ocrx_word' id='word_1_59' title='bbox 2413 608 2824 687; x_wconf 83' lang='lat' dir='ltr'>extensorum</span> 
     </span>
     <span class='ocr_line' id='line_1_7' title="bbox 391 705 2628 808; baseline 0 -26"><span class='ocrx_word' id='word_1_60' title='bbox 391 707 545 794; x_wconf 73' lang='lat' dir='ltr'>talia</span> <span class='ocrx_word' id='word_1_61' title='bbox 563 705 786 780; x_wconf 87' lang='lat' dir='ltr'>sentire</span> <span class='ocrx_word' id='word_1_62' title='bbox 814 709 851 789; x_wconf 63' lang='lat'>5,</span> <span class='ocrx_word' id='word_1_63' title='bbox 868 706 932 783; x_wconf 71' lang='lat'>§-</span> <span class='ocrx_word' id='word_1_64' title='bbox 957 713 1131 800; x_wconf 87' lang='lat'><strong>482.</strong></span> <span class='ocrx_word' id='word_1_65' title='bbox 1149 705 1245 808; x_wconf 85' lang='lat' dir='ltr'>sq.</span> <span class='ocrx_word' id='word_1_66' title='bbox 1335 711 1341 718; x_wconf 62' lang='lat'>‘</span> <span class='ocrx_word' id='word_1_67' title='bbox 2623 731 2628 732; x_wconf 67' lang='grc'><em>’</em></span> 
     </span>
     <span class='ocr_line' id='line_1_8' title="bbox 392 806 2817 910; baseline -0 -29"><span class='ocrx_word' id='word_1_68' title='bbox 392 815 409 907; x_wconf 55' lang='lat' dir='ltr'>ss</span> <span class='ocrx_word' id='word_1_69' title='bbox 494 815 651 883; x_wconf 83' lang='lat'>802.</span> <span class='ocrx_word' id='word_1_70' title='bbox 700 810 1014 906; x_wconf 88' lang='lat' dir='ltr'>Cumque</span> <span class='ocrx_word' id='word_1_71' title='bbox 1049 814 1116 879; x_wconf 91' lang='lat' dir='ltr'>in</span> <span class='ocrx_word' id='word_1_72' title='bbox 1138 811 1338 885; x_wconf 83' lang='lat' dir='ltr'>animi</span> <span class='ocrx_word' id='word_1_73' title='bbox 1352 808 1958 910; x_wconf 74' lang='lat' dir='ltr'>perturbationibus</span> <span class='ocrx_word' id='word_1_74' title='bbox 1977 808 2428 883; x_wconf 85' lang='lat' dir='ltr'>alterationem</span> <span class='ocrx_word' id='word_1_75' title='bbox 2461 806 2652 885; x_wconf 84' lang='lat' dir='ltr'>sentis</span> <span class='ocrx_word' id='word_1_76' title='bbox 2671 823 2817 886; x_wconf 75' lang='lat' dir='ltr'>tan-</span> 
     </span>
     <span class='ocr_line' id='line_1_9' title="bbox 384 906 2817 1013; baseline 0.002 -31"><span class='ocrx_word' id='word_1_77' title='bbox 384 910 583 1008; x_wconf 79' lang='lat' dir='ltr'>quain</span> <span class='ocrx_word' id='word_1_78' title='bbox 605 916 670 981; x_wconf 86' lang='lat' dir='ltr'>in</span> <span class='ocrx_word' id='word_1_79' title='bbox 692 906 926 993; x_wconf 83' lang='lat' dir='ltr'>corde,</span> <span class='ocrx_word' id='word_1_80' title='bbox 951 908 1198 1005; x_wconf 80' lang='lat'><strong>§.777.</strong></span> <span class='ocrx_word' id='word_1_81' title='bbox 1216 934 1380 1007; x_wconf 89' lang='lat'><strong>779.</strong></span> <span class='ocrx_word' id='word_1_82' title='bbox 1400 906 1587 983; x_wconf 85' lang='lat' dir='ltr'>facile</span> <span class='ocrx_word' id='word_1_83' title='bbox 1608 910 1939 1013; x_wconf 84' lang='lat' dir='ltr'>agnosces,</span> <span class='ocrx_word' id='word_1_84' title='bbox 1965 910 2132 982; x_wconf 90' lang='lat' dir='ltr'>hanc</span> <span class='ocrx_word' id='word_1_85' title='bbox 2155 908 2240 984; x_wconf 90' lang='lat' dir='ltr'>ab</span> <span class='ocrx_word' id='word_1_86' title='bbox 2266 916 2483 982; x_wconf 85' lang='lat' dir='ltr'>anima</span> <span class='ocrx_word' id='word_1_87' title='bbox 2509 937 2648 1002; x_wconf 83' lang='lat' dir='ltr'>non</span> <span class='ocrx_word' id='word_1_88' title='bbox 2672 911 2817 987; x_wconf 87' lang='lat' dir='ltr'>sen-</span> 
     </span>
     <span class='ocr_line' id='line_1_10' title="bbox 387 1002 2324 1111; baseline 0 -30"><span class='ocrx_word' id='word_1_89' title='bbox 387 1013 492 1109; x_wconf 79' lang='lat' dir='ltr'>tiri</span> <span class='ocrx_word' id='word_1_90' title='bbox 515 1007 633 1081; x_wconf 69' lang='lat' dir='ltr'>n&#39;ifi</span> <span class='ocrx_word' id='word_1_91' title='bbox 657 1002 861 1108; x_wconf 65' lang='lat' dir='ltr'>operit</span> <span class='ocrx_word' id='word_1_92' title='bbox 880 1004 1172 1084; x_wconf 81' lang='lat' dir='ltr'>nervuli,</span> <span class='ocrx_word' id='word_1_93' title='bbox 1199 1017 1403 1106; x_wconf 83' lang='lat' dir='ltr'>quiex</span> <span class='ocrx_word' id='word_1_94' title='bbox 1419 1008 1693 1085; x_wconf 86' lang='lat' dir='ltr'>cerebro</span> <span class='ocrx_word' id='word_1_95' title='bbox 1717 1010 1802 1084; x_wconf 90' lang='lat' dir='ltr'>ad</span> <span class='ocrx_word' id='word_1_96' title='bbox 1824 1037 1943 1084; x_wconf 85' lang='lat' dir='ltr'>cot</span> <span class='ocrx_word' id='word_1_97' title='bbox 1959 1008 2324 1111; x_wconf 63' lang='lat' dir='ltr'>descendit3</span> 
     </span>
     <span class='ocr_line' id='line_1_11' title="bbox 488 1106 2812 1276; baseline 0.005 -102"><span class='ocrx_word' id='word_1_98' title='bbox 488 1116 582 1181; x_wconf 81' lang='lat'>80</span> <span class='ocrx_word' id='word_1_99' title='bbox 599 1138 660 1204; x_wconf 85' lang='lat'>3.</span> <span class='ocrx_word' id='word_1_100' title='bbox 711 1107 864 1179; x_wconf 90' lang='lat' dir='ltr'>Nec</span> <span class='ocrx_word' id='word_1_101' title='bbox 902 1110 1107 1276; x_wconf 51' lang='lat' dir='ltr'>mafis</span> <span class='ocrx_word' id='word_1_102' title='bbox 1148 1106 1305 1179; x_wconf 92' lang='lat' dir='ltr'>ideo</span> <span class='ocrx_word' id='word_1_103' title='bbox 1343 1108 1662 1181; x_wconf 73' lang='lat' dir='ltr'>necessum</span> <span class='ocrx_word' id='word_1_104' title='bbox 1689 1111 1812 1184; x_wconf 77' lang='lat' dir='ltr'>effi:</span> <span class='ocrx_word' id='word_1_105' title='bbox 1843 1164 1861 1191; x_wconf 90' lang='lat'>‚</span> <span class='ocrx_word' id='word_1_106' title='bbox 1905 1136 1977 1184; x_wconf 91' lang='lat' dir='ltr'>ut</span> <span class='ocrx_word' id='word_1_107' title='bbox 2009 1113 2227 1184; x_wconf 84' lang='lat' dir='ltr'>anima</span> <span class='ocrx_word' id='word_1_108' title='bbox 2256 1106 2636 1181; x_wconf 72' lang='lat' dir='ltr'>immediate:</span> <span class='ocrx_word' id='word_1_109' title='bbox 2673 1107 2812 1188; x_wconf 75' lang='lat' dir='ltr'>suas</span> 
     </span>
     <span class='ocr_line' id='line_1_12' title="bbox 384 1205 2808 1306; baseline 0.001 -22"><span class='ocrx_word' id='word_1_110' title='bbox 384 1205 762 1284; x_wconf 66' lang='lat' dir='ltr'>finctiones</span> <span class='ocrx_word' id='word_1_111' title='bbox 781 1210 848 1274; x_wconf 90' lang='lat' dir='ltr'>in</span> <span class='ocrx_word' id='word_1_112' title='bbox 867 1229 983 1275; x_wconf 88' lang='lat' dir='ltr'>cor</span> <span class='ocrx_word' id='word_1_113' title='bbox 1034 1231 1075 1274; x_wconf 86' lang='lat' dir='ltr'>e</span> <span class='ocrx_word' id='word_1_114' title='bbox 1091 1230 1387 1278; x_wconf 87' lang='lat' dir='ltr'>exerceat</span> <span class='ocrx_word' id='word_1_115' title='bbox 1404 1260 1425 1292; x_wconf 89' lang='lat'>,</span> <span class='ocrx_word' id='word_1_116' title='bbox 1456 1208 1662 1305; x_wconf 68' lang='lat' dir='ltr'>quam</span> <span class='ocrx_word' id='word_1_117' title='bbox 1683 1215 1834 1282; x_wconf 89' lang='lat' dir='ltr'>utin</span> <span class='ocrx_word' id='word_1_118' title='bbox 1850 1211 2008 1283; x_wconf 86' lang='lat' dir='ltr'>caelo</span> <span class='ocrx_word' id='word_1_119' title='bbox 2030 1212 2247 1283; x_wconf 85' lang='lat' dir='ltr'>existat</span> <span class='ocrx_word' id='word_1_120' title='bbox 2267 1212 2564 1306; x_wconf 66' lang='lat' dir='ltr'>,quoties</span> <span class='ocrx_word' id='word_1_121' title='bbox 2587 1209 2808 1286; x_wconf 85' lang='lat' dir='ltr'>radios</span> 
     </span>
     <span class='ocr_line' id='line_1_13' title="bbox 384 1301 2698 1409; baseline -0.001 -25"><span class='ocrx_word' id='word_1_122' title='bbox 384 1317 462 1384; x_wconf 88' lang='lat'>&amp;</span> <span class='ocrx_word' id='word_1_123' title='bbox 483 1304 877 1409; x_wconf 83' lang='lat' dir='ltr'>presfionem</span> <span class='ocrx_word' id='word_1_124' title='bbox 899 1302 938 1374; x_wconf 71' lang='grc' dir='ltr'>εὶ</span> <span class='ocrx_word' id='word_1_125' title='bbox 957 1301 1114 1379; x_wconf 92' lang='lat' dir='ltr'>Sole</span> <span class='ocrx_word' id='word_1_126' title='bbox 1135 1308 1513 1378; x_wconf 90' lang='lat' dir='ltr'>venientem</span> <span class='ocrx_word' id='word_1_127' title='bbox 1536 1314 1838 1408; x_wconf 83' lang='lat' dir='ltr'>percipit.</span> <span class='ocrx_word' id='word_1_128' title='bbox 1877 1309 1994 1382; x_wconf 83' lang='lat' dir='ltr'>Ph&#39;.</span> <span class='ocrx_word' id='word_1_129' title='bbox 2019 1332 2047 1403; x_wconf 72' lang='grc' dir='ltr'><strong>ς</strong></span> <span class='ocrx_word' id='word_1_130' title='bbox 2071 1333 2178 1401; x_wconf 84' lang='lat'>15.</span> <span class='ocrx_word' id='word_1_131' title='bbox 2195 1304 2337 1404; x_wconf 85' lang='lat' dir='ltr'><strong>sqq.</strong></span> <span class='ocrx_word' id='word_1_132' title='bbox 2555 1316 2559 1320; x_wconf 78' lang='grc'>’</span> <span class='ocrx_word' id='word_1_133' title='bbox 2695 1313 2698 1318; x_wconf 69' lang='grc'><strong><em>’</em></strong></span> 
     </span>
     <span class='ocr_line' id='line_1_14' title="bbox 390 1400 2816 1498; baseline 0.001 -20"><span class='ocrx_word' id='word_1_134' title='bbox 390 1407 395 1416; x_wconf 78' lang='grc'><strong><em>’</em></strong></span> <span class='ocrx_word' id='word_1_135' title='bbox 489 1414 656 1498; x_wconf 87' lang='lat'><strong>804.</strong></span> <span class='ocrx_word' id='word_1_136' title='bbox 705 1403 911 1480; x_wconf 66' lang='lat' dir='ltr'>Certe</span> <span class='ocrx_word' id='word_1_137' title='bbox 941 1400 987 1475; x_wconf 85' lang='lat' dir='ltr'>fi</span> <span class='ocrx_word' id='word_1_138' title='bbox 1021 1409 1090 1476; x_wconf 92' lang='lat' dir='ltr'>in</span> <span class='ocrx_word' id='word_1_139' title='bbox 1122 1404 1320 1479; x_wconf 77' lang='lat' dir='ltr'>oc&#39;ulo</span> <span class='ocrx_word' id='word_1_140' title='bbox 1343 1403 1574 1476; x_wconf 79' lang='lat' dir='ltr'>dextro</span> <span class='ocrx_word' id='word_1_141' title='bbox 1592 1406 1861 1478; x_wconf 88' lang='lat' dir='ltr'>videndi</span> <span class='ocrx_word' id='word_1_142' title='bbox 1882 1413 2101 1479; x_wconf 67' lang='lat' dir='ltr'>actum</span> <span class='ocrx_word' id='word_1_143' title='bbox 2126 1429 2416 1479; x_wconf 82' lang='lat' dir='ltr'>exerceat</span> <span class='ocrx_word' id='word_1_144' title='bbox 2443 1411 2696 1489; x_wconf 84' lang='lat' dir='ltr'>anima,</span> <span class='ocrx_word' id='word_1_145' title='bbox 2730 1406 2816 1481; x_wconf 85' lang='lat' dir='ltr'>fi-</span> 
     </span>
     <span class='ocr_line' id='line_1_15' title="bbox 384 1499 2809 1605; baseline -0 -25"><span class='ocrx_word' id='word_1_146' title='bbox 384 1506 528 1580; x_wconf 88' lang='lat' dir='ltr'>mul</span> <span class='ocrx_word' id='word_1_147' title='bbox 579 1531 661 1580; x_wconf 90' lang='lat' dir='ltr'>ue</span> <span class='ocrx_word' id='word_1_148' title='bbox 676 1527 970 1578; x_wconf 79' lang='lat' dir='ltr'>exerceat</span> <span class='ocrx_word' id='word_1_149' title='bbox 986 1503 1275 1577; x_wconf 88' lang='lat' dir='ltr'>eundem</span> <span class='ocrx_word' id='word_1_150' title='bbox 1295 1510 1359 1577; x_wconf 91' lang='lat' dir='ltr'>in</span> <span class='ocrx_word' id='word_1_151' title='bbox 1380 1504 1584 1576; x_wconf 91' lang='lat' dir='ltr'>oculo</span> <span class='ocrx_word' id='word_1_152' title='bbox 1606 1501 1854 1577; x_wconf 86' lang='lat' dir='ltr'>finistto</span> <span class='ocrx_word' id='word_1_153' title='bbox 1870 1557 1891 1590; x_wconf 89' lang='lat'><strong>,</strong></span> <span class='ocrx_word' id='word_1_154' title='bbox 1928 1504 2172 1578; x_wconf 89' lang='lat' dir='ltr'>eodem</span> <span class='ocrx_word' id='word_1_155' title='bbox 2194 1528 2490 1605; x_wconf 88' lang='lat' dir='ltr'>tempore</span> <span class='ocrx_word' id='word_1_156' title='bbox 2508 1505 2610 1580; x_wconf 88' lang='lat' dir='ltr'>bis</span> <span class='ocrx_word' id='word_1_157' title='bbox 2629 1499 2809 1580; x_wconf 85' lang='lat' dir='ltr'>idem</span> 
     </span>
     <span class='ocr_line' id='line_1_16' title="bbox 378 1533 2813 1708; baseline 0.002 -32"><span class='ocrx_word' id='word_1_158' title='bbox 378 1533 646 1677; x_wconf 49' lang='lat' dir='ltr'>‘videlvit</span> <span class='ocrx_word' id='word_1_159' title='bbox 682 1603 1025 1702; x_wconf 69' lang='lat' dir='ltr'>objestum</span> <span class='ocrx_word' id='word_1_160' title='bbox 1043 1655 1064 1685; x_wconf 87' lang='lat'>,</span> <span class='ocrx_word' id='word_1_161' title='bbox 1097 1610 1591 1707; x_wconf 81' lang='lat' dir='ltr'>perceptionem</span> <span class='ocrx_word' id='word_1_162' title='bbox 1639 1610 1734 1677; x_wconf 89' lang='lat' dir='ltr'>rei</span> <span class='ocrx_word' id='word_1_163' title='bbox 1761 1611 1946 1678; x_wconf 89' lang='lat' dir='ltr'>unius</span> <span class='ocrx_word' id='word_1_164' title='bbox 1973 1614 2043 1679; x_wconf 73' lang='grc' dir='ltr'>δε</span> <span class='ocrx_word' id='word_1_165' title='bbox 2060 1602 2363 1707; x_wconf 82' lang='lat' dir='ltr'>fimplicis</span> <span class='ocrx_word' id='word_1_166' title='bbox 2381 1612 2710 1708; x_wconf 85' lang='lat' dir='ltr'>geminam</span> <span class='ocrx_word' id='word_1_167' title='bbox 2732 1633 2813 1681; x_wconf 86' lang='lat' dir='ltr'>ac</span> 
     </span>
     <span class='ocr_line' id='line_1_17' title="bbox 393 1702 2377 1806; baseline 0 -29"><span class='ocrx_word' id='word_1_168' title='bbox 393 1702 724 1806; x_wconf 88' lang='lat' dir='ltr'>duplicem</span> <span class='ocrx_word' id='word_1_169' title='bbox 744 1702 1070 1778; x_wconf 85' lang='lat' dir='ltr'>habitura.</span> <span class='ocrx_word' id='word_1_170' title='bbox 1632 1707 1641 1714; x_wconf 82' lang='grc'><em>’</em></span> <span class='ocrx_word' id='word_1_171' title='bbox 2373 1790 2377 1794; x_wconf 20' lang='lat'><strong>⁴</strong></span> 
     </span>
     <span class='ocr_line' id='line_1_18' title="bbox 366 1803 2813 1911; baseline 0 -32"><span class='ocrx_word' id='word_1_172' title='bbox 366 1847 375 1852; x_wconf 86' lang='lat'><em>-</em></span> <span class='ocrx_word' id='word_1_173' title='bbox 473 1812 578 1881; x_wconf 75' lang='lat'>&#39;80</span> <span class='ocrx_word' id='word_1_174' title='bbox 591 1832 624 1902; x_wconf 90' lang='lat'>5</span> <span class='ocrx_word' id='word_1_175' title='bbox 640 1858 659 1880; x_wconf 96' lang='lat'><strong>.</strong></span> <span class='ocrx_word' id='word_1_176' title='bbox 705 1806 939 1881; x_wconf 85' lang='lat' dir='ltr'>Unum</span> <span class='ocrx_word' id='word_1_177' title='bbox 960 1803 1177 1879; x_wconf 88' lang='lat' dir='ltr'>adhuc</span> <span class='ocrx_word' id='word_1_178' title='bbox 1194 1831 1653 1911; x_wconf 84' lang='lat' dir='ltr'>argumentum</span> <span class='ocrx_word' id='word_1_179' title='bbox 1686 1862 1709 1896; x_wconf 85' lang='lat'>‚</span> <span class='ocrx_word' id='word_1_180' title='bbox 1734 1833 1868 1908; x_wconf 90' lang='lat' dir='ltr'>quo</span> <span class='ocrx_word' id='word_1_181' title='bbox 1880 1803 2201 1909; x_wconf 86' lang='lat' dir='ltr'>probatur</span> <span class='ocrx_word' id='word_1_182' title='bbox 2212 1810 2496 1878; x_wconf 86' lang='lat' dir='ltr'>animam</span> <span class='ocrx_word' id='word_1_183' title='bbox 2515 1830 2653 1878; x_wconf 90' lang='lat' dir='ltr'>non</span> <span class='ocrx_word' id='word_1_184' title='bbox 2669 1805 2813 1881; x_wconf 86' lang='lat' dir='ltr'>sen-</span> 
     </span>
     <span class='ocr_line' id='line_1_19' title="bbox 383 1901 2808 2010; baseline 0 -31"><span class='ocrx_word' id='word_1_185' title='bbox 383 1910 540 1988; x_wconf 80' lang='lat' dir='ltr'>tite,</span> <span class='ocrx_word' id='word_1_186' title='bbox 573 1904 697 1981; x_wconf 79' lang='lat' dir='ltr'>nisi·</span> <span class='ocrx_word' id='word_1_187' title='bbox 720 1930 1036 2007; x_wconf 86' lang='lat' dir='ltr'>quatenus</span> <span class='ocrx_word' id='word_1_188' title='bbox 1074 1908 1164 1980; x_wconf 85' lang='lat' dir='ltr'>est</span> <span class='ocrx_word' id='word_1_189' title='bbox 1196 1914 1263 1981; x_wconf 91' lang='lat' dir='ltr'>in</span> <span class='ocrx_word' id='word_1_190' title='bbox 1298 1903 1610 1997; x_wconf 84' lang='lat' dir='ltr'>cerebro,</span> <span class='ocrx_word' id='word_1_191' title='bbox 1641 1905 2074 2010; x_wconf 84' lang='lat' dir='ltr'>superioribus</span> <span class='ocrx_word' id='word_1_192' title='bbox 2108 1903 2398 2004; x_wconf 78' lang='lat' dir='ltr'>adjicio,</span> <span class='ocrx_word' id='word_1_193' title='bbox 2438 1901 2808 1980; x_wconf 86' lang='lat' dir='ltr'>desumtum</span> 
     </span>
     <span class='ocr_line' id='line_1_20' title="bbox 376 1998 2761 2108; baseline 0 -30"><span class='ocrx_word' id='word_1_194' title='bbox 376 2003 419 2078; x_wconf 69' lang='grc' dir='ltr'>ὲ</span> <span class='ocrx_word' id='word_1_195' title='bbox 438 2011 706 2105; x_wconf 60' lang='lat' dir='ltr'>vertigine</span> <span class='ocrx_word' id='word_1_196' title='bbox 731 2037 748 2081; x_wconf 75' lang='grc' dir='ltr'><strong><em>ε</em></strong></span> <span class='ocrx_word' id='word_1_197' title='bbox 783 2014 896 2108; x_wconf 88' lang='lat' dir='ltr'>qui</span> <span class='ocrx_word' id='word_1_198' title='bbox 920 1998 1424 2086; x_wconf 79' lang='lat' dir='ltr'>morbus&#39;solum</span> <span class='ocrx_word' id='word_1_199' title='bbox 1454 2007 1800 2083; x_wconf 86' lang='lat' dir='ltr'>cerebrum</span> <span class='ocrx_word' id='word_1_200' title='bbox 1820 2007 2109 2090; x_wconf 83' lang='lat' dir='ltr'>afficiens</span> <span class='ocrx_word' id='word_1_201' title='bbox 2128 2004 2372 2080; x_wconf 86' lang='lat' dir='ltr'>sensum</span> <span class='ocrx_word' id='word_1_202' title='bbox 2391 2005 2761 2106; x_wconf 80' lang='lat' dir='ltr'>perturbat.</span> 
     </span>
     <span class='ocr_line' id='line_1_21' title="bbox 370 2102 2814 2214; baseline 0 -34"><span class='ocrx_word' id='word_1_203' title='bbox 370 2115 410 2126; x_wconf 82' lang='grc'>““</span> <span class='ocrx_word' id='word_1_204' title='bbox 485 2113 651 2181; x_wconf 81' lang='lat'><strong>806.</strong></span> <span class='ocrx_word' id='word_1_205' title='bbox 699 2107 841 2187; x_wconf 87' lang='lat' dir='ltr'>Ubi</span> <span class='ocrx_word' id='word_1_206' title='bbox 864 2133 1039 2190; x_wconf 57' lang='lat' dir='ltr'>nota,</span> <span class='ocrx_word' id='word_1_207' title='bbox 1063 2137 1122 2186; x_wconf 89' lang='lat'>1.</span> <span class='ocrx_word' id='word_1_208' title='bbox 1142 2115 1535 2214; x_wconf 87' lang='lat' dir='ltr'>vertiginem</span> <span class='ocrx_word' id='word_1_209' title='bbox 1558 2107 1897 2186; x_wconf 72' lang='lat' dir='ltr'>consistere</span> <span class='ocrx_word' id='word_1_210' title='bbox 1916 2115 1986 2182; x_wconf 90' lang='lat' dir='ltr'>in</span> <span class='ocrx_word' id='word_1_211' title='bbox 2004 2108 2424 2183; x_wconf 79' lang='lat' dir='ltr'>circulatione</span> <span class='ocrx_word' id='word_1_212' title='bbox 2444 2102 2814 2208; x_wconf 66' lang='lat' dir='ltr'>spirituum,⁴</span> 
     </span>
     <span class='ocr_line' id='line_1_22' title="bbox 364 2205 2803 2311; baseline 0.001 -30"><span class='ocrx_word' id='word_1_213' title='bbox 364 2212 495 2309; x_wconf 61' lang='lat' dir='ltr'>‘qui</span> <span class='ocrx_word' id='word_1_214' title='bbox 509 2206 652 2283; x_wconf 86' lang='lat' dir='ltr'>sunt</span> <span class='ocrx_word' id='word_1_215' title='bbox 669 2216 736 2281; x_wconf 86' lang='lat' dir='ltr'>in</span> <span class='ocrx_word' id='word_1_216' title='bbox 751 2211 1065 2295; x_wconf 88' lang='lat' dir='ltr'>cerebro,</span> <span class='ocrx_word' id='word_1_217' title='bbox 1112 2238 1178 2283; x_wconf 88' lang='lat'>2.</span> <span class='ocrx_word' id='word_1_218' title='bbox 1196 2207 1348 2284; x_wconf 89' lang='lat' dir='ltr'>inde</span> <span class='ocrx_word' id='word_1_219' title='bbox 1366 2209 1491 2287; x_wconf 79' lang='lat' dir='ltr'>effe</span> <span class='ocrx_word' id='word_1_220' title='bbox 1514 2267 1536 2298; x_wconf 84' lang='lat'><strong>,</strong></span> <span class='ocrx_word' id='word_1_221' title='bbox 1569 2208 1762 2311; x_wconf 88' lang='lat' dir='ltr'>quod</span> <span class='ocrx_word' id='word_1_222' title='bbox 1788 2236 2045 2284; x_wconf 67' lang='lat' dir='ltr'>eXtetna</span> <span class='ocrx_word' id='word_1_223' title='bbox 2067 2216 2289 2283; x_wconf 88' lang='lat' dir='ltr'>omnia</span> <span class='ocrx_word' id='word_1_224' title='bbox 2311 2205 2658 2282; x_wconf 78' lang='lat' dir='ltr'>videantur</span> <span class='ocrx_word' id='word_1_225' title='bbox 2676 2215 2803 2283; x_wconf 83' lang='lat' dir='ltr'>ci&#39;r-</span> 
     </span>
     <span class='ocr_line' id='line_1_23' title="bbox 377 2306 2811 2410; baseline 0.002 -31"><span class='ocrx_word' id='word_1_226' title='bbox 377 2308 683 2379; x_wconf 85' lang='lat' dir='ltr'>culariter</span> <span class='ocrx_word' id='word_1_227' title='bbox 709 2315 963 2383; x_wconf 88' lang='lat' dir='ltr'>moveri</span> <span class='ocrx_word' id='word_1_228' title='bbox 985 2362 1009 2399; x_wconf 82' lang='lat'>‚</span> <span class='ocrx_word' id='word_1_229' title='bbox 1049 2335 1115 2404; x_wconf 85' lang='lat'>3.</span> <span class='ocrx_word' id='word_1_230' title='bbox 1133 2310 1286 2382; x_wconf 79' lang='lat' dir='ltr'>cum</span> <span class='ocrx_word' id='word_1_231' title='bbox 1308 2334 1528 2385; x_wconf 85' lang='lat' dir='ltr'>tamen</span> <span class='ocrx_word' id='word_1_232' title='bbox 1548 2318 1767 2409; x_wconf 88' lang='lat' dir='ltr'>neque</span> <span class='ocrx_word' id='word_1_233' title='bbox 1789 2312 1860 2381; x_wconf 90' lang='lat' dir='ltr'>in</span> <span class='ocrx_word' id='word_1_234' title='bbox 1877 2306 2020 2410; x_wconf 83' lang='lat' dir='ltr'>ipfis</span> <span class='ocrx_word' id='word_1_235' title='bbox 2042 2309 2323 2410; x_wconf 66' lang='lat' dir='ltr'>objectis</span> <span class='ocrx_word' id='word_1_236' title='bbox 2343 2332 2571 2383; x_wconf 84' lang='lat' dir='ltr'>motus</span> <span class='ocrx_word' id='word_1_237' title='bbox 2595 2316 2811 2383; x_wconf 86' lang='lat' dir='ltr'>circu-</span> 
     </span>
     <span class='ocr_line' id='line_1_24' title="bbox 366 2402 2676 2504; baseline 0.005 -31"><span class='ocrx_word' id='word_1_238' title='bbox 366 2402 526 2503; x_wconf 50' lang='lat' dir='ltr'>laris</span> <span class='ocrx_word' id='word_1_239' title='bbox 539 2404 615 2473; x_wconf 86' lang='lat' dir='ltr'>fit</span> <span class='ocrx_word' id='word_1_240' title='bbox 635 2447 658 2485; x_wconf 88' lang='lat'>‚</span> <span class='ocrx_word' id='word_1_241' title='bbox 693 2435 768 2494; x_wconf 87' lang='lat'>4.</span> <span class='ocrx_word' id='word_1_242' title='bbox 786 2431 1001 2504; x_wconf 87' lang='lat' dir='ltr'>neque</span> <span class='ocrx_word' id='word_1_243' title='bbox 1015 2409 1215 2480; x_wconf 85' lang='lat' dir='ltr'>etiam</span> <span class='ocrx_word' id='word_1_244' title='bbox 1233 2415 1301 2480; x_wconf 92' lang='lat' dir='ltr'>in</span> <span class='ocrx_word' id='word_1_245' title='bbox 1319 2406 1597 2484; x_wconf 83' lang='lat' dir='ltr'>sensibus</span> <span class='ocrx_word' id='word_1_246' title='bbox 1613 2415 1909 2483; x_wconf 83' lang='lat' dir='ltr'>externis.</span> <span class='ocrx_word' id='word_1_247' title='bbox 2673 2418 2676 2421; x_wconf 77' lang='grc'><strong>’</strong></span> 
     </span>
     <span class='ocr_line' id='line_1_25' title="bbox 485 2501 2799 2604; baseline 0.001 -33"><span class='ocrx_word' id='word_1_248' title='bbox 485 2505 651 2587; x_wconf 83' lang='grc'><strong>807.</strong></span> <span class='ocrx_word' id='word_1_249' title='bbox 697 2503 971 2604; x_wconf 86' lang='lat' dir='ltr'>Nempe</span> <span class='ocrx_word' id='word_1_250' title='bbox 1006 2501 1167 2577; x_wconf 89' lang='lat' dir='ltr'>dum</span> <span class='ocrx_word' id='word_1_251' title='bbox 1205 2509 1246 2576; x_wconf 91' lang='lat' dir='ltr'><strong>s</strong></span> <span class='ocrx_word' id='word_1_252' title='bbox 1276 2507 1458 2578; x_wconf 80' lang='lat' dir='ltr'>ititus</span> <span class='ocrx_word' id='word_1_253' title='bbox 1487 2534 1637 2581; x_wconf 89' lang='lat' dir='ltr'>eum</span> <span class='ocrx_word' id='word_1_254' title='bbox 1658 2512 1730 2578; x_wconf 41' lang='lat' dir='ltr'>*in</span> <span class='ocrx_word' id='word_1_255' title='bbox 1750 2506 2084 2579; x_wconf 83' lang='lat' dir='ltr'>moduma</span> <span class='ocrx_word' id='word_1_256' title='bbox 2135 2513 2375 2577; x_wconf 87' lang='lat' dir='ltr'>itantur</span> <span class='ocrx_word' id='word_1_257' title='bbox 2396 2509 2463 2576; x_wconf 89' lang='lat' dir='ltr'>in</span> <span class='ocrx_word' id='word_1_258' title='bbox 2480 2505 2799 2584; x_wconf 87' lang='lat' dir='ltr'>cerebro,</span> 
     </span>
     <span class='ocr_line' id='line_1_26' title="bbox 377 2535 2800 2700; baseline -0.001 -26"><span class='ocrx_word' id='word_1_259' title='bbox 377 2622 675 2674; x_wconf 84' lang='lat' dir='ltr'>mentem</span> <span class='ocrx_word' id='word_1_260' title='bbox 691 2596 789 2669; x_wconf 84' lang='lat' dir='ltr'>ibi</span> <span class='ocrx_word' id='word_1_261' title='bbox 806 2599 1189 2677; x_wconf 70' lang='lat' dir='ltr'>immediate</span> <span class='ocrx_word' id='word_1_262' title='bbox 1208 2535 1587 2679; x_wconf 59' lang='lat' dir='ltr'>AEntientem</span> <span class='ocrx_word' id='word_1_263' title='bbox 1608 2603 1924 2688; x_wconf 86' lang='lat' dir='ltr'>afficiunt,</span> <span class='ocrx_word' id='word_1_264' title='bbox 1944 2630 2079 2700; x_wconf 92' lang='lat' dir='ltr'>quo</span> <span class='ocrx_word' id='word_1_265' title='bbox 2145 2627 2170 2672; x_wconf 92' lang='lat' dir='ltr'>t</span> <span class='ocrx_word' id='word_1_266' title='bbox 2189 2598 2427 2698; x_wconf 73' lang='lat' dir='ltr'>utipsa,</span> <span class='ocrx_word' id='word_1_267' title='bbox 2442 2599 2800 2696; x_wconf 87' lang='lat' dir='ltr'>quomodo</span> 
     </span>
     <span class='ocr_line' id='line_1_27' title="bbox 358 2694 2632 2803; baseline -0.002 -29"><span class='ocrx_word' id='word_1_268' title='bbox 358 2704 482 2776; x_wconf 53' lang='lat' dir='ltr'>‘tes</span> <span class='ocrx_word' id='word_1_269' title='bbox 501 2705 773 2774; x_wconf 76' lang='lat' dir='ltr'>externae</span> <span class='ocrx_word' id='word_1_270' title='bbox 786 2694 846 2772; x_wconf 87' lang='lat' dir='ltr'>se</span> <span class='ocrx_word' id='word_1_271' title='bbox 864 2698 1154 2772; x_wconf 83' lang='lat' dir='ltr'>habeant</span> <span class='ocrx_word' id='word_1_272' title='bbox 1173 2703 1520 2803; x_wconf 85' lang='lat' dir='ltr'>ignorans,</span> <span class='ocrx_word' id='word_1_273' title='bbox 1546 2700 1800 2797; x_wconf 85' lang='lat' dir='ltr'>judicet</span> <span class='ocrx_word' id='word_1_274' title='bbox 1818 2728 1925 2774; x_wconf 85' lang='lat' dir='ltr'>eas</span> <span class='ocrx_word' id='word_1_275' title='bbox 1949 2705 2202 2775; x_wconf 85' lang='lat' dir='ltr'>moveri</span> <span class='ocrx_word' id='word_1_276' title='bbox 2220 2696 2632 2771; x_wconf 82' lang='lat' dir='ltr'>circulariter.</span> 
     </span>
    </p>
   </div>
   <div class='ocr_carea' id='block_1_2' title="bbox 360 2862 2697 2984">
    <p class='ocr_par' dir='ltr' id='par_1_2' title="bbox 360 2862 2697 2984">
     <span class='ocr_line' id='line_1_28' title="bbox 360 2862 2697 2984; baseline -0.002 -31"><span class='ocrx_word' id='word_1_277' title='bbox 360 2903 375 2914; x_wconf 77' lang='lat'><strong>·</strong></span> <span class='ocrx_word' id='word_1_278' title='bbox 486 2865 577 2953; x_wconf 89' lang='lat' dir='ltr'>X</span> <span class='ocrx_word' id='word_1_279' title='bbox 594 2866 681 2957; x_wconf 91' lang='lat' dir='ltr'>X</span> <span class='ocrx_word' id='word_1_280' title='bbox 695 2867 782 2955; x_wconf 89' lang='lat' dir='ltr'>X</span> <span class='ocrx_word' id='word_1_281' title='bbox 797 2867 891 2954; x_wconf 85' lang='lat'>11</span> <span class='ocrx_word' id='word_1_282' title='bbox 910 2865 974 2953; x_wconf 92' lang='grc' dir='ltr'>Ῑ.</span> <span class='ocrx_word' id='word_1_283' title='bbox 1034 2867 1415 2950; x_wconf 77' lang='lat' dir='ltr'>Generaliae</span> <span class='ocrx_word' id='word_1_284' title='bbox 1432 2863 1846 2979; x_wconf 75' lang='lat' dir='ltr'>destnstbus</span> <span class='ocrx_word' id='word_1_285' title='bbox 1860 2921 1885 2965; x_wconf 91' lang='lat'>,</span> <span class='ocrx_word' id='word_1_286' title='bbox 1915 2862 2316 2982; x_wconf 72' lang='lat' dir='ltr'>prasertim</span> <span class='ocrx_word' id='word_1_287' title='bbox 2333 2875 2697 2984; x_wconf 56' lang='lat' dir='ltr'>externit.</span> 
     </span>
    </p>
   </div>
   <div class='ocr_carea' id='block_1_3' title="bbox 353 3006 2801 4105">
    <p class='ocr_par' dir='ltr' id='par_1_3' title="bbox 373 3006 2801 3317">
     <span class='ocr_line' id='line_1_29' title="bbox 468 3006 2797 3118; baseline -0.002 -29"><span class='ocrx_word' id='word_1_288' title='bbox 468 3015 638 3091; x_wconf 81' lang='lat'><strong>808.</strong></span> <span class='ocrx_word' id='word_1_289' title='bbox 687 3017 1015 3118; x_wconf 77' lang='lat' dir='ltr'>vais</span> <span class='ocrx_word' id='word_1_290' title='bbox 1031 3028 1254 3113; x_wconf 76' lang='lat' dir='ltr'>autem</span> <span class='ocrx_word' id='word_1_291' title='bbox 1268 3038 1590 3117; x_wconf 83' lang='lat' dir='ltr'>corporea</span> <span class='ocrx_word' id='word_1_292' title='bbox 1611 3016 1833 3089; x_wconf 89' lang='lat' dir='ltr'>nostra</span> <span class='ocrx_word' id='word_1_293' title='bbox 1847 3010 2146 3088; x_wconf 84' lang='lat' dir='ltr'>membra</span> <span class='ocrx_word' id='word_1_294' title='bbox 2161 3011 2311 3093; x_wconf 62' lang='lat' dir='ltr'>vere*</span> <span class='ocrx_word' id='word_1_295' title='bbox 2332 3006 2471 3082; x_wconf 86' lang='lat' dir='ltr'>non</span> <span class='ocrx_word' id='word_1_296' title='bbox 2490 3007 2797 3094; x_wconf 80' lang='lat' dir='ltr'>sentiant,</span> 
     </span>
     <span class='ocr_line' id='line_1_30' title="bbox 373 3106 2801 3217; baseline 0.001 -34"><span class='ocrx_word' id='word_1_297' title='bbox 373 3106 488 3184; x_wconf 89' lang='lat' dir='ltr'>sed</span> <span class='ocrx_word' id='word_1_298' title='bbox 511 3114 756 3217; x_wconf 85' lang='lat' dir='ltr'>organa</span> <span class='ocrx_word' id='word_1_299' title='bbox 770 3112 1026 3190; x_wconf 76' lang='lat' dir='ltr'>ta‘ntum</span> <span class='ocrx_word' id='word_1_300' title='bbox 1043 3113 1166 3190; x_wconf 83' lang='lat' dir='ltr'>smt</span> <span class='ocrx_word' id='word_1_301' title='bbox 1179 3169 1202 3203; x_wconf 92' lang='lat'><strong>,</strong></span> <span class='ocrx_word' id='word_1_302' title='bbox 1238 3112 1478 3215; x_wconf 78' lang='lat' dir='ltr'>quibus</span> <span class='ocrx_word' id='word_1_303' title='bbox 1500 3142 1682 3189; x_wconf 87' lang='lat' dir='ltr'>mens</span> <span class='ocrx_word' id='word_1_304' title='bbox 1699 3121 1768 3189; x_wconf 87' lang='lat' dir='ltr'>in</span> <span class='ocrx_word' id='word_1_305' title='bbox 1785 3113 2125 3188; x_wconf 89' lang='lat' dir='ltr'>sentiendo</span> <span class='ocrx_word' id='word_1_306' title='bbox 2144 3115 2346 3188; x_wconf 81' lang='lat' dir='ltr'>utitur</span> <span class='ocrx_word' id='word_1_307' title='bbox 2365 3107 2574 3203; x_wconf 76' lang='lat' dir='ltr'>(ficu&#39;ti</span> <span class='ocrx_word' id='word_1_308' title='bbox 2592 3109 2801 3189; x_wconf 78' lang='lat' dir='ltr'>bacu-</span> 
     </span>
     <span class='ocr_line' id='line_1_31' title="bbox 373 3208 2797 3317; baseline -0.002 -28"><span class='ocrx_word' id='word_1_309' title='bbox 373 3208 475 3289; x_wconf 79' lang='lat' dir='ltr'>lus</span> <span class='ocrx_word' id='word_1_310' title='bbox 489 3216 986 3291; x_wconf 81' lang='lat' dir='ltr'>instrumentum</span> <span class='ocrx_word' id='word_1_311' title='bbox 1011 3216 1101 3288; x_wconf 87' lang='lat' dir='ltr'>est</span> <span class='ocrx_word' id='word_1_312' title='bbox 1115 3270 1137 3303; x_wconf 90' lang='lat'>,</span> <span class='ocrx_word' id='word_1_313' title='bbox 1170 3242 1311 3316; x_wconf 90' lang='lat' dir='ltr'>quo</span> <span class='ocrx_word' id='word_1_314' title='bbox 1332 3241 1539 3291; x_wconf 83' lang='lat' dir='ltr'>caecus</span> <span class='ocrx_word' id='word_1_315' title='bbox 1560 3216 1771 3289; x_wconf 89' lang='lat' dir='ltr'>lutum</span> <span class='ocrx_word' id='word_1_316' title='bbox 1788 3217 1826 3290; x_wconf 73' lang='grc' dir='ltr'>ὲ</span> <span class='ocrx_word' id='word_1_317' title='bbox 1841 3213 2056 3317; x_wconf 89' lang='lat' dir='ltr'>lapide</span> <span class='ocrx_word' id='word_1_318' title='bbox 2074 3208 2432 3316; x_wconf 77' lang='lat' dir='ltr'>dignoscit,</span> <span class='ocrx_word' id='word_1_319' title='bbox 2450 3210 2571 3286; x_wconf 81' lang='lat' dir='ltr'>Ph.</span> <span class='ocrx_word' id='word_1_320' title='bbox 2591 3220 2797 3311; x_wconf 86' lang='lat'><strong>942.)</strong></span> 
     </span>
    </p>

    <p class='ocr_par' dir='ltr' id='par_1_4' title="bbox 476 3314 2555 3414">
     <span class='ocr_line' id='line_1_32' title="bbox 476 3314 2555 3414; baseline -0.001 -26"><span class='ocrx_word' id='word_1_321' title='bbox 476 3317 571 3409; x_wconf 80' lang='lat'>80</span> <span class='ocrx_word' id='word_1_322' title='bbox 579 3340 648 3402; x_wconf 85' lang='lat'>9.</span> <span class='ocrx_word' id='word_1_323' title='bbox 697 3315 860 3392; x_wconf 84' lang='lat' dir='ltr'>Inde</span> <span class='ocrx_word' id='word_1_324' title='bbox 880 3341 1099 3391; x_wconf 84' lang='lat' dir='ltr'>tamen</span> <span class='ocrx_word' id='word_1_325' title='bbox 1109 3314 1367 3414; x_wconf 77' lang='lat' dir='ltr'>J‘ensusin</span> <span class='ocrx_word' id='word_1_326' title='bbox 1380 3319 1765 3394; x_wconf 77' lang='lat' dir='ltr'>externum&amp;</span> <span class='ocrx_word' id='word_1_327' title='bbox 1782 3321 2066 3389; x_wconf 75' lang='lat' dir='ltr'>internum</span> <span class='ocrx_word' id='word_1_328' title='bbox 2085 3314 2273 3410; x_wconf 69' lang='lat' dir='ltr'>divisio</span> <span class='ocrx_word' id='word_1_329' title='bbox 2287 3317 2555 3414; x_wconf 88' lang='lat' dir='ltr'>petitur.</span> 
     </span>
    </p>

    <p class='ocr_par' dir='ltr' id='par_1_5' title="bbox 353 3410 2795 3599">
     <span class='ocr_line' id='line_1_33' title="bbox 353 3410 2795 3518; baseline -0.002 -31"><span class='ocrx_word' id='word_1_330' title='bbox 353 3410 377 3508; x_wconf 71' lang='lat' dir='ltr'>j</span> <span class='ocrx_word' id='word_1_331' title='bbox 476 3414 642 3488; x_wconf 89' lang='lat'><strong>810.</strong></span> <span class='ocrx_word' id='word_1_332' title='bbox 688 3419 998 3492; x_wconf 83' lang='lat' dir='ltr'>Externus</span> <span class='ocrx_word' id='word_1_333' title='bbox 1032 3415 1209 3492; x_wconf 86' lang='lat' dir='ltr'>enim</span> <span class='ocrx_word' id='word_1_334' title='bbox 1235 3414 1597 3518; x_wconf 81' lang='lat' dir='ltr'>appellatur</span> <span class='ocrx_word' id='word_1_335' title='bbox 1613 3467 1636 3504; x_wconf 89' lang='lat'>,</span> <span class='ocrx_word' id='word_1_336' title='bbox 1672 3439 1993 3515; x_wconf 82' lang='lat' dir='ltr'>quatenus</span> <span class='ocrx_word' id='word_1_337' title='bbox 2025 3437 2296 3510; x_wconf 82' lang='lat' dir='ltr'>externo</span> <span class='ocrx_word' id='word_1_338' title='bbox 2339 3436 2594 3514; x_wconf 86' lang='lat' dir='ltr'>organo</span> <span class='ocrx_word' id='word_1_339' title='bbox 2615 3432 2795 3483; x_wconf 81' lang='lat' dir='ltr'>exer-</span> 
     </span>
     <span class='ocr_line' id='line_1_34' title="bbox 370 3533 1491 3599; baseline -0.003 -11"><span class='ocrx_word' id='word_1_340' title='bbox 370 3536 593 3595; x_wconf 82' lang='lat' dir='ltr'>cetut=</span> <span class='ocrx_word' id='word_1_341' title='bbox 796 3594 801 3599; x_wconf 52' lang='grc'><em>,</em></span> <span class='ocrx_word' id='word_1_342' title='bbox 926 3534 933 3538; x_wconf 82' lang='grc'><em>“</em></span> <span class='ocrx_word' id='word_1_343' title='bbox 1119 3533 1124 3539; x_wconf 90' lang='grc'><em>·</em></span> <span class='ocrx_word' id='word_1_344' title='bbox 1484 3538 1491 3543; x_wconf 88' lang='grc'><strong><em>·</em></strong></span> 
     </span>
    </p>

    <p class='ocr_par' dir='ltr' id='par_1_6' title="bbox 470 3609 2791 3717">
     <span class='ocr_line' id='line_1_35' title="bbox 470 3609 2791 3717; baseline -0.001 -29"><span class='ocrx_word' id='word_1_345' title='bbox 470 3619 555 3690; x_wconf 81' lang='lat'>81</span> <span class='ocrx_word' id='word_1_346' title='bbox 578 3638 637 3688; x_wconf 84' lang='lat'>1.</span> <span class='ocrx_word' id='word_1_347' title='bbox 685 3620 979 3691; x_wconf 81' lang='lat' dir='ltr'>Internus</span> <span class='ocrx_word' id='word_1_348' title='bbox 997 3660 1021 3693; x_wconf 66' lang='lat'><strong>³</strong></span> <span class='ocrx_word' id='word_1_349' title='bbox 1106 3638 1377 3691; x_wconf 77' lang='lat' dir='ltr'>uatenus</span> <span class='ocrx_word' id='word_1_350' title='bbox 1392 3621 1653 3694; x_wconf 71' lang='lat' dir='ltr'>interno</span> <span class='ocrx_word' id='word_1_351' title='bbox 1670 3613 2044 3717; x_wconf 83' lang='lat' dir='ltr'>perficitur,</span> <span class='ocrx_word' id='word_1_352' title='bbox 2080 3611 2271 3713; x_wconf 89' lang='lat' dir='ltr'>quod</span> <span class='ocrx_word' id='word_1_353' title='bbox 2299 3610 2469 3685; x_wconf 87' lang='lat' dir='ltr'>estin</span> <span class='ocrx_word' id='word_1_354' title='bbox 2492 3609 2791 3685; x_wconf 87' lang='lat' dir='ltr'>cerebro.</span> 
     </span>
    </p>

    <p class='ocr_par' dir='ltr' id='par_1_7' title="bbox 348 3706 2796 3819">
     <span class='ocr_line' id='line_1_36' title="bbox 467 3706 2796 3819; baseline -0 -29.049"><span class='ocrx_word' id='word_1_355' title='bbox 467 3716 509 3790; x_wconf 85' lang='lat'><em>8</em></span> <span class='ocrx_word' id='word_1_356' title='bbox 527 3741 552 3788; x_wconf 93' lang='lat'>1</span> <span class='ocrx_word' id='word_1_357' title='bbox 567 3714 631 3791; x_wconf 68' lang='grc' dir='ltr'>τ’..</span> <span class='ocrx_word' id='word_1_358' title='bbox 685 3719 946 3791; x_wconf 84' lang='lat' dir='ltr'>Externi</span> <span class='ocrx_word' id='word_1_359' title='bbox 962 3712 1068 3788; x_wconf 85' lang='lat' dir='ltr'>sen</span> <span class='ocrx_word' id='word_1_360' title='bbox 1095 3741 1167 3788; x_wconf 84' lang='lat' dir='ltr'>us</span> <span class='ocrx_word' id='word_1_361' title='bbox 1181 3717 1377 3819; x_wconf 87' lang='lat' dir='ltr'>vulgo</span> <span class='ocrx_word' id='word_1_362' title='bbox 1397 3741 1822 3793; x_wconf 84' lang='lat' dir='ltr'>numerantur</span> <span class='ocrx_word' id='word_1_363' title='bbox 1843 3714 2133 3817; x_wconf 74' lang='lat' dir='ltr'>quinque</span> <span class='ocrx_word' id='word_1_364' title='bbox 2156 3706 2395 3809; x_wconf 14' lang='lat' dir='ltr'>25Visus</span> <span class='ocrx_word' id='word_1_365' title='bbox 2412 3712 2450 3801; x_wconf 73' lang='lat'>,&#39;</span> <span class='ocrx_word' id='word_1_366' title='bbox 2475 3706 2796 3803; x_wconf 73' lang='lat' dir='ltr'>Auditus,</span> 
     </span>
    </p>

    <p class='ocr_par' dir='ltr' id='par_1_8' title="bbox 356 3810 2518 3913">
     <span class='ocr_line' id='line_1_37' title="bbox 356 3810 2518 3913; baseline -0 -22"><span class='ocrx_word' id='word_1_367' title='bbox 356 3810 683 3911; x_wconf 58' lang='lat' dir='ltr'>‚olfactus</span> <span class='ocrx_word' id='word_1_368' title='bbox 704 3871 728 3906; x_wconf 89' lang='lat'><strong>,</strong></span> <span class='ocrx_word' id='word_1_369' title='bbox 769 3816 1004 3893; x_wconf 82' lang='lat' dir='ltr'>Gustus</span> <span class='ocrx_word' id='word_1_370' title='bbox 1022 3870 1046 3905; x_wconf 89' lang='lat'><strong>,</strong></span> <span class='ocrx_word' id='word_1_371' title='bbox 1073 3817 1367 3913; x_wconf 31' lang='lat' dir='ltr'>Taousz,</span> <span class='ocrx_word' id='word_1_372' title='bbox 1458 3812 1481 3895; x_wconf 55' lang='grc' dir='ltr'><em>ᾗ</em></span> <span class='ocrx_word' id='word_1_373' title='bbox 1562 3898 1570 3906; x_wconf 58' lang='grc'><em>,</em></span> <span class='ocrx_word' id='word_1_374' title='bbox 2181 3882 2190 3885; x_wconf 92' lang='grc'><em>-</em></span> <span class='ocrx_word' id='word_1_375' title='bbox 2381 3856 2390 3860; x_wconf 58' lang='lat'>&gt;</span> <span class='ocrx_word' id='word_1_376' title='bbox 2431 3884 2438 3890; x_wconf 91' lang='lat'><strong>.</strong></span> <span class='ocrx_word' id='word_1_377' title='bbox 2515 3874 2518 3879; x_wconf 81' lang='lat'><strong>.</strong></span> 
     </span>
    </p>

    <p class='ocr_par' dir='ltr' id='par_1_9' title="bbox 356 3906 2795 4105">
     <span class='ocr_line' id='line_1_38' title="bbox 356 3906 2793 4100; baseline -0.003 -72"><span class='ocrx_word' id='word_1_378' title='bbox 356 4000 365 4007; x_wconf 83' lang='lat'>-</span> <span class='ocrx_word' id='word_1_379' title='bbox 400 3986 407 3991; x_wconf 93' lang='lat'>-</span> <span class='ocrx_word' id='word_1_380' title='bbox 479 3923 517 3989; x_wconf 77' lang='lat'><strong>⁸</strong></span> <span class='ocrx_word' id='word_1_381' title='bbox 533 3945 560 3995; x_wconf 88' lang='lat'>¹</span> <span class='ocrx_word' id='word_1_382' title='bbox 580 3945 647 4027; x_wconf 73' lang='lat'>³:</span> <span class='ocrx_word' id='word_1_383' title='bbox 701 3924 848 4029; x_wconf 80' lang='lat' dir='ltr'>Q</span> <span class='ocrx_word' id='word_1_384' title='bbox 866 3914 1175 4029; x_wconf 55' lang='lat' dir='ltr'>fliffcssziet</span> <span class='ocrx_word' id='word_1_385' title='bbox 1196 3915 1510 4025; x_wconf 60' lang='lat' dir='ltr'>0bie⁶ssi⁵2</span> <span class='ocrx_word' id='word_1_386' title='bbox 1525 3906 1788 4029; x_wconf 59' lang='lat' dir='ltr'>bremis.</span> <span class='ocrx_word' id='word_1_387' title='bbox 1804 3912 2130 4100; x_wconf 49' lang='lat' dir='ltr'>⁶329&amp;ae</span> <span class='ocrx_word' id='word_1_388' title='bbox 2151 3911 2390 4023; x_wconf 56' lang='lat' dir='ltr'>quibus</span> <span class='ocrx_word' id='word_1_389' title='bbox 2408 3910 2793 4087; x_wconf 51' lang='lat' dir='ltr'>affigunt}</span> 
     </span>
     <span class='ocr_line' id='line_1_39' title="bbox 490 4025 2795 4105; baseline -0.005 -57"><span class='ocrx_word' id='word_1_390' title='bbox 490 4042 495 4048; x_wconf 84' lang='lat'><strong>.</strong></span> <span class='ocrx_word' id='word_1_391' title='bbox 1919 4042 1963 4096; x_wconf 66' lang='lat' dir='ltr'>u</span> <span class='ocrx_word' id='word_1_392' title='bbox 2319 4061 2325 4067; x_wconf 18' lang='lat' dir='ltr'>q</span> <span class='ocrx_word' id='word_1_393' title='bbox 2579 4025 2703 4100; x_wconf 44' lang='grc'>14..</span> <span class='ocrx_word' id='word_1_394' title='bbox 2725 4100 2730 4105; x_wconf 8' lang='grc' dir='ltr'>ἢ</span> <span class='ocrx_word' id='word_1_395' title='bbox 2760 4037 2795 4070; x_wconf 51' lang='lat'><em>9</em></span> 
     </span>
    </p>
   </div>
  </div>
 </body>
</html>
