<?xml version="1.0" encoding="UTF-8"?>
<!DOCTYPE html PUBLIC "-//W3C//DTD XHTML 1.0 Transitional//EN"
    "http://www.w3.org/TR/xhtml1/DTD/xhtml1-transitional.dtd">
<html xmlns="http://www.w3.org/1999/xhtml" xml:lang="en" lang="en">
 <head>
  <title>
</title>
<meta http-equiv="Content-Type" content="text/html;charset=utf-8" />
  <meta name='ocr-system' content='tesseract 3.04.00' />
  <meta name='ocr-capabilities' content='ocr_page ocr_carea ocr_par ocr_line ocrx_word'/>
</head>
<body>
  <div class='ocr_page' id='page_1' title='image "./johannisclauber00claugoog_0074.png"; bbox 0 0 3391 4418; ppageno 0'>
   <div class='ocr_carea' id='block_1_1' title="bbox 552 132 3050 4117">
    <p class='ocr_par' dir='ltr' id='par_1_1' title="bbox 587 132 3024 450">
     <span class='ocr_line' id='line_1_1' title="bbox 1232 132 2803 223; baseline -0.015 0"><span class='ocrx_word' id='word_1_1' title='bbox 1232 136 1298 223; x_wconf 91' lang='lat' dir='ltr'>P</span> <span class='ocrx_word' id='word_1_2' title='bbox 1411 132 1482 220; x_wconf 66' lang='lat' dir='ltr'>ii</span> <span class='ocrx_word' id='word_1_3' title='bbox 1599 158 1662 217; x_wconf 72' lang='lat' dir='ltr'>Y</span> <span class='ocrx_word' id='word_1_4' title='bbox 1783 156 1824 217; x_wconf 81' lang='lat' dir='ltr'>s</span> <span class='ocrx_word' id='word_1_5' title='bbox 1950 153 1986 211; x_wconf 91' lang='lat'>1</span> <span class='ocrx_word' id='word_1_6' title='bbox 2107 150 2158 208; x_wconf 91' lang='lat' dir='ltr'>c</span> <span class='ocrx_word' id='word_1_7' title='bbox 2279 146 2344 206; x_wconf 67' lang='grc' dir='ltr'><strong>Α</strong></span> <span class='ocrx_word' id='word_1_8' title='bbox 2790 190 2803 201; x_wconf 92' lang='grc'><strong>.</strong></span> 
     </span>
     <span class='ocr_line' id='line_1_2' title="bbox 587 184 3024 379; baseline -0.013 -34"><span class='ocrx_word' id='word_1_9' title='bbox 587 184 918 379; x_wconf 55' lang='lat' dir='ltr'>{rivatun</span> <span class='ocrx_word' id='word_1_10' title='bbox 953 256 1112 334; x_wconf 70' lang='lat' dir='ltr'>licet</span> <span class='ocrx_word' id='word_1_11' title='bbox 1151 249 1239 327; x_wconf 89' lang='lat' dir='ltr'>ad</span> <span class='ocrx_word' id='word_1_12' title='bbox 1273 273 1400 325; x_wconf 91' lang='lat' dir='ltr'>nos</span> <span class='ocrx_word' id='word_1_13' title='bbox 1434 241 1770 322; x_wconf 81' lang='lat' dir='ltr'>terricolas</span> <span class='ocrx_word' id='word_1_14' title='bbox 1802 237 2053 318; x_wconf 69' lang='lat' dir='ltr'>direste</span> <span class='ocrx_word' id='word_1_15' title='bbox 2087 235 2307 312; x_wconf 87' lang='lat' dir='ltr'>radios</span> <span class='ocrx_word' id='word_1_16' title='bbox 2338 229 2488 309; x_wconf 86' lang='lat' dir='ltr'>snos</span> <span class='ocrx_word' id='word_1_17' title='bbox 2510 221 2670 310; x_wconf 86' lang='lat' dir='ltr'>tunc</span> <span class='ocrx_word' id='word_1_18' title='bbox 2689 237 3024 340; x_wconf 79' lang='lat' dir='ltr'><strong>projicere</strong></span> 
     </span>
     <span class='ocr_line' id='line_1_3' title="bbox 595 387 905 450; baseline -0.032 -4"><span class='ocrx_word' id='word_1_19' title='bbox 595 398 681 450; x_wconf 86' lang='lat' dir='ltr'>ne</span> <span class='ocrx_word' id='word_1_20' title='bbox 733 387 905 441; x_wconf 89' lang='lat' dir='ltr'>ucat.</span> 
     </span>
    </p>

    <p class='ocr_par' dir='ltr' id='par_1_2' title="bbox 603 396 3028 767">
     <span class='ocr_line' id='line_1_4' title="bbox 683 396 3024 566; baseline -0.015 -30"><span class='ocrx_word' id='word_1_21' title='bbox 683 396 867 566; x_wconf 48' lang='lat'>3721.-</span> <span class='ocrx_word' id='word_1_22' title='bbox 910 459 1037 533; x_wconf 23' lang='lat' dir='ltr'>‘Sin</span> <span class='ocrx_word' id='word_1_23' title='bbox 1064 455 1273 527; x_wconf 80' lang='lat' dir='ltr'>Terra</span> <span class='ocrx_word' id='word_1_24' title='bbox 1302 452 1474 525; x_wconf 87' lang='lat' dir='ltr'>inter</span> <span class='ocrx_word' id='word_1_25' title='bbox 1493 443 1725 523; x_wconf 84' lang='lat' dir='ltr'>Solem</span> <span class='ocrx_word' id='word_1_26' title='bbox 1756 451 1828 520; x_wconf 88' lang='lat'>&amp;</span> <span class='ocrx_word' id='word_1_27' title='bbox 1862 448 2115 520; x_wconf 81' lang='lat' dir='ltr'>Lunam</span> <span class='ocrx_word' id='word_1_28' title='bbox 2144 443 2532 537; x_wconf 86' lang='lat' dir='ltr'>interjacent</span> <span class='ocrx_word' id='word_1_29' title='bbox 2551 486 2577 522; x_wconf 90' lang='lat'>,</span> <span class='ocrx_word' id='word_1_30' title='bbox 2621 455 2684 505; x_wconf 82' lang='lat' dir='ltr'>ec</span> <span class='ocrx_word' id='word_1_31' title='bbox 2714 435 2726 448; x_wconf 84' lang='lat'><strong>&#39;</strong></span> <span class='ocrx_word' id='word_1_32' title='bbox 2779 459 2826 505; x_wconf 71' lang='lat' dir='ltr'>ts</span> <span class='ocrx_word' id='word_1_33' title='bbox 2852 446 3024 515; x_wconf 61' lang='lat' dir='ltr'>Luna</span> 
     </span>
     <span class='ocr_line' id='line_1_5' title="bbox 603 525 3028 655; baseline -0.017 -9"><span class='ocrx_word' id='word_1_34' title='bbox 603 572 832 655; x_wconf 86' lang='lat' dir='ltr'>oritur.</span> <span class='ocrx_word' id='word_1_35' title='bbox 878 560 1061 633; x_wconf 85' lang='lat' dir='ltr'>Nam</span> <span class='ocrx_word' id='word_1_36' title='bbox 1080 559 1271 630; x_wconf 89' lang='lat' dir='ltr'>Luna</span> <span class='ocrx_word' id='word_1_37' title='bbox 1287 556 1358 626; x_wconf 89' lang='lat' dir='ltr'>in</span> <span class='ocrx_word' id='word_1_38' title='bbox 1383 546 1691 628; x_wconf 83' lang='lat' dir='ltr'>umbram</span> <span class='ocrx_word' id='word_1_39' title='bbox 1706 548 1925 621; x_wconf 84' lang='lat' dir='ltr'>Terrae</span> <span class='ocrx_word' id='word_1_40' title='bbox 1938 541 2231 622; x_wconf 81' lang='lat' dir='ltr'>incidens</span> <span class='ocrx_word' id='word_1_41' title='bbox 2249 538 2498 612; x_wconf 87' lang='lat' dir='ltr'>lumine</span> <span class='ocrx_word' id='word_1_42' title='bbox 2518 589 2543 625; x_wconf 91' lang='lat'>‚</span> <span class='ocrx_word' id='word_1_43' title='bbox 2575 558 2714 634; x_wconf 89' lang='lat' dir='ltr'>quo</span> <span class='ocrx_word' id='word_1_44' title='bbox 2798 531 2837 605; x_wconf 71' lang='lat' dir='ltr'>a</span> <span class='ocrx_word' id='word_1_45' title='bbox 2862 525 3028 608; x_wconf 79' lang='lat' dir='ltr'>Sole’</span> 
     </span>
     <span class='ocr_line' id='line_1_6' title="bbox 607 662 2068 767; baseline -0.014 -27"><span class='ocrx_word' id='word_1_46' title='bbox 607 670 869 767; x_wconf 82' lang='lat' dir='ltr'>accipit,</span> <span class='ocrx_word' id='word_1_47' title='bbox 893 662 1210 764; x_wconf 85' lang='lat' dir='ltr'>privatur.</span> <span class='ocrx_word' id='word_1_48' title='bbox 2063 675 2068 679; x_wconf 84' lang='lat'><strong>·</strong></span> 
     </span>
    </p>

    <p class='ocr_par' dir='ltr' id='par_1_3' title="bbox 613 734 3025 941">
     <span class='ocr_line' id='line_1_7' title="bbox 708 734 3025 857; baseline -0.015 -17"><span class='ocrx_word' id='word_1_49' title='bbox 708 790 881 854; x_wconf 84' lang='lat'>7²²·</span> <span class='ocrx_word' id='word_1_50' title='bbox 928 766 1419 857; x_wconf 81' lang='lat' dir='ltr'><strong>Quamcunque</strong></span> <span class='ocrx_word' id='word_1_51' title='bbox 1454 754 1676 853; x_wconf 80' lang='lat' dir='ltr'>Terrae</span> <span class='ocrx_word' id='word_1_52' title='bbox 1715 770 1980 852; x_wconf 87' lang='lat' dir='ltr'>partem</span> <span class='ocrx_word' id='word_1_53' title='bbox 2003 743 2124 826; x_wconf 86' lang='lat' dir='ltr'>Sol</span> <span class='ocrx_word' id='word_1_54' title='bbox 2158 745 2387 843; x_wconf 83' lang='lat' dir='ltr'>incipit</span> <span class='ocrx_word' id='word_1_55' title='bbox 2408 735 2768 814; x_wconf 89' lang='lat' dir='ltr'>illuminare</span> <span class='ocrx_word' id='word_1_56' title='bbox 2791 785 2815 821; x_wconf 88' lang='lat'>,</span> <span class='ocrx_word' id='word_1_57' title='bbox 2854 734 2926 806; x_wconf 89' lang='lat' dir='ltr'>in</span> <span class='ocrx_word' id='word_1_58' title='bbox 2944 758 3025 807; x_wconf 86' lang='lat' dir='ltr'>ea</span> 
     </span>
     <span class='ocr_line' id='line_1_8' title="bbox 613 862 1061 941; baseline -0.027 0"><span class='ocrx_word' id='word_1_59' title='bbox 613 867 853 941; x_wconf 89' lang='lat' dir='ltr'>dicitur</span> <span class='ocrx_word' id='word_1_60' title='bbox 880 862 1061 933; x_wconf 74' lang='lat' dir='ltr'>oriri.-</span> 
     </span>
    </p>

    <p class='ocr_par' dir='ltr' id='par_1_4' title="bbox 713 939 3027 1057">
     <span class='ocr_line' id='line_1_9' title="bbox 713 939 3027 1057; baseline -0.017 -20"><span class='ocrx_word' id='word_1_61' title='bbox 713 991 757 1056; x_wconf 90' lang='lat'><em>7</em></span> <span class='ocrx_word' id='word_1_62' title='bbox 770 990 807 1036; x_wconf 85' lang='lat'>2</span> <span class='ocrx_word' id='word_1_63' title='bbox 824 988 851 1057; x_wconf 80' lang='lat'><em>3</em></span> <span class='ocrx_word' id='word_1_64' title='bbox 866 1009 887 1031; x_wconf 89' lang='lat'><strong>.</strong></span> <span class='ocrx_word' id='word_1_65' title='bbox 938 966 1169 1057; x_wconf 77' lang='lat' dir='ltr'>Qm</span> <span class='ocrx_word' id='word_1_66' title='bbox 1194 956 1554 1031; x_wconf 84' lang='lat' dir='ltr'>illuminare</span> <span class='ocrx_word' id='word_1_67' title='bbox 1570 947 1802 1025; x_wconf 86' lang='lat' dir='ltr'>definit</span> <span class='ocrx_word' id='word_1_68' title='bbox 1816 1003 1836 1031; x_wconf 91' lang='lat'>,</span> <span class='ocrx_word' id='word_1_69' title='bbox 1872 952 2032 1018; x_wconf 88' lang='lat' dir='ltr'>inea</span> <span class='ocrx_word' id='word_1_70' title='bbox 2051 942 2289 1016; x_wconf 84' lang='lat' dir='ltr'>dicitur</span> <span class='ocrx_word' id='word_1_71' title='bbox 2317 939 2580 1011; x_wconf 75' lang='lat' dir='ltr'>occidere.</span> <span class='ocrx_word' id='word_1_72' title='bbox 3017 973 3027 980; x_wconf 91' lang='lat'>-</span> 
     </span>
    </p>

    <p class='ocr_par' dir='ltr' id='par_1_5' title="bbox 619 1029 3030 1258">
     <span class='ocr_line' id='line_1_10' title="bbox 712 1029 3030 1156; baseline -0.013 -20"><span class='ocrx_word' id='word_1_73' title='bbox 712 1091 758 1155; x_wconf 91' lang='lat'><em>7</em></span> <span class='ocrx_word' id='word_1_74' title='bbox 771 1088 890 1153; x_wconf 81' lang='lat'>24.</span> <span class='ocrx_word' id='word_1_75' title='bbox 938 1064 1249 1156; x_wconf 86' lang='lat' dir='ltr'><strong>Cumque</strong></span> <span class='ocrx_word' id='word_1_76' title='bbox 1268 1055 1445 1130; x_wconf 80' lang='lat' dir='ltr'>nulla</span> <span class='ocrx_word' id='word_1_77' title='bbox 1458 1052 1538 1127; x_wconf 84' lang='lat' dir='ltr'>fit</span> <span class='ocrx_word' id='word_1_78' title='bbox 1551 1076 1699 1155; x_wconf 85' lang='lat' dir='ltr'>pars</span> <span class='ocrx_word' id='word_1_79' title='bbox 1709 1052 1963 1132; x_wconf 80' lang='lat' dir='ltr'>Terrae,</span> <span class='ocrx_word' id='word_1_80' title='bbox 1979 1046 2050 1116; x_wconf 88' lang='lat' dir='ltr'>in</span> <span class='ocrx_word' id='word_1_81' title='bbox 2070 1067 2197 1144; x_wconf 87' lang='lat' dir='ltr'>qua</span> <span class='ocrx_word' id='word_1_82' title='bbox 2216 1040 2331 1115; x_wconf 89' lang='lat' dir='ltr'>tali</span> <span class='ocrx_word' id='word_1_83' title='bbox 2343 1033 2559 1113; x_wconf 85' lang='lat' dir='ltr'>modo</span> <span class='ocrx_word' id='word_1_84' title='bbox 2576 1059 2714 1107; x_wconf 88' lang='lat' dir='ltr'>non</span> <span class='ocrx_word' id='word_1_85' title='bbox 2727 1029 3030 1132; x_wconf 83' lang='lat' dir='ltr'>aliquan-</span> 
     </span>
     <span class='ocr_line' id='line_1_11' title="bbox 619 1152 1870 1258; baseline -0.019 -15"><span class='ocrx_word' id='word_1_86' title='bbox 619 1165 715 1242; x_wconf 91' lang='lat' dir='ltr'>do</span> <span class='ocrx_word' id='word_1_87' title='bbox 731 1163 911 1250; x_wconf 87' lang='lat' dir='ltr'>oriri,</span> <span class='ocrx_word' id='word_1_88' title='bbox 927 1158 1287 1258; x_wconf 84' lang='lat' dir='ltr'>aliquando</span> <span class='ocrx_word' id='word_1_89' title='bbox 1309 1152 1613 1230; x_wconf 82' lang='lat' dir='ltr'>occidere</span> <span class='ocrx_word' id='word_1_90' title='bbox 1629 1171 1831 1250; x_wconf 86' lang='lat' dir='ltr'><strong>queat</strong></span> <span class='ocrx_word' id='word_1_91' title='bbox 1846 1201 1870 1235; x_wconf 89' lang='lat'>‚</span> 
     </span>
    </p>

    <p class='ocr_par' dir='ltr' id='par_1_6' title="bbox 704 1227 3034 1357">
     <span class='ocr_line' id='line_1_12' title="bbox 704 1227 3034 1357; baseline -0.013 -20"><span class='ocrx_word' id='word_1_92' title='bbox 704 1289 752 1357; x_wconf 94' lang='lat'><strong>7</strong></span> <span class='ocrx_word' id='word_1_93' title='bbox 766 1292 802 1336; x_wconf 87' lang='lat'>2</span> <span class='ocrx_word' id='word_1_94' title='bbox 818 1288 883 1357; x_wconf 87' lang='lat'>5.</span> <span class='ocrx_word' id='word_1_95' title='bbox 929 1264 1171 1334; x_wconf 85' lang='lat' dir='ltr'>Dicere</span> <span class='ocrx_word' id='word_1_96' title='bbox 1188 1258 1383 1332; x_wconf 79' lang='lat' dir='ltr'>liceat</span> <span class='ocrx_word' id='word_1_97' title='bbox 1401 1308 1426 1344; x_wconf 88' lang='lat'>,</span> <span class='ocrx_word' id='word_1_98' title='bbox 1447 1255 1676 1331; x_wconf 88' lang='lat' dir='ltr'>Solem</span> <span class='ocrx_word' id='word_1_99' title='bbox 1698 1248 1944 1349; x_wconf 89' lang='lat' dir='ltr'>ubique</span> <span class='ocrx_word' id='word_1_100' title='bbox 1956 1240 2148 1346; x_wconf 77' lang='lat' dir='ltr'>‚poss&#39;e</span> <span class='ocrx_word' id='word_1_101' title='bbox 2167 1245 2322 1316; x_wconf 87' lang='lat' dir='ltr'>oriri</span> <span class='ocrx_word' id='word_1_102' title='bbox 2338 1285 2363 1326; x_wconf 88' lang='lat'>,</span> <span class='ocrx_word' id='word_1_103' title='bbox 2408 1235 2653 1338; x_wconf 90' lang='lat' dir='ltr'>ubique</span> <span class='ocrx_word' id='word_1_104' title='bbox 2677 1227 3034 1328; x_wconf 53' lang='lat' dir='ltr'>occidereg</span> 
     </span>
    </p>

    <p class='ocr_par' dir='ltr' id='par_1_7' title="bbox 614 1348 3047 2949">
     <span class='ocr_line' id='line_1_13' title="bbox 614 1348 2320 1447; baseline -0.016 -3"><span class='ocrx_word' id='word_1_105' title='bbox 614 1365 741 1447; x_wconf 84' lang='lat' dir='ltr'>vel,</span> <span class='ocrx_word' id='word_1_106' title='bbox 761 1359 937 1436; x_wconf 88' lang='lat' dir='ltr'>nulla</span> <span class='ocrx_word' id='word_1_107' title='bbox 954 1384 1131 1434; x_wconf 87' lang='lat' dir='ltr'>certa</span> <span class='ocrx_word' id='word_1_108' title='bbox 1146 1383 1328 1434; x_wconf 90' lang='lat' dir='ltr'>ortus</span> <span class='ocrx_word' id='word_1_109' title='bbox 1349 1381 1461 1431; x_wconf 83' lang='lat' dir='ltr'>aut</span> <span class='ocrx_word' id='word_1_110' title='bbox 1481 1349 1745 1429; x_wconf 81' lang='lat' dir='ltr'>occasus</span> <span class='ocrx_word' id='word_1_111' title='bbox 1807 1351 2005 1422; x_wconf 71' lang='lat' dir='ltr'>unsta</span> <span class='ocrx_word' id='word_1_112' title='bbox 2016 1348 2320 1419; x_wconf 80' lang='lat' dir='ltr'>inveniri.</span> 
     </span>
     <span class='ocr_line' id='line_1_14' title="bbox 715 1428 3037 1561; baseline -0.014 -19"><span class='ocrx_word' id='word_1_113' title='bbox 715 1469 888 1555; x_wconf 85' lang='lat'>726.</span> <span class='ocrx_word' id='word_1_114' title='bbox 937 1466 1020 1534; x_wconf 89' lang='lat' dir='ltr'>Et</span> <span class='ocrx_word' id='word_1_115' title='bbox 1051 1464 1164 1535; x_wconf 82' lang='lat' dir='ltr'>dies</span> <span class='ocrx_word' id='word_1_116' title='bbox 1199 1458 1478 1561; x_wconf 88' lang='lat' dir='ltr'>quidem</span> <span class='ocrx_word' id='word_1_117' title='bbox 1515 1456 1607 1530; x_wconf 86' lang='lat' dir='ltr'>est</span> <span class='ocrx_word' id='word_1_118' title='bbox 1645 1458 1717 1526; x_wconf 88' lang='lat' dir='ltr'>in</span> <span class='ocrx_word' id='word_1_119' title='bbox 1756 1458 1766 1468; x_wconf 82' lang='lat'>&#39;</span> <span class='ocrx_word' id='word_1_120' title='bbox 1882 1470 2069 1551; x_wconf 85' lang='lat' dir='ltr'>parte</span> <span class='ocrx_word' id='word_1_121' title='bbox 2101 1448 2321 1517; x_wconf 85' lang='lat' dir='ltr'>Terrae</span> <span class='ocrx_word' id='word_1_122' title='bbox 2340 1486 2365 1521; x_wconf 82' lang='lat'>,</span> <span class='ocrx_word' id='word_1_123' title='bbox 2402 1464 2546 1539; x_wconf 79' lang='lat' dir='ltr'>quae</span> <span class='ocrx_word' id='word_1_124' title='bbox 2584 1437 2728 1512; x_wconf 86' lang='lat' dir='ltr'>Soli</span> <span class='ocrx_word' id='word_1_125' title='bbox 2756 1428 3037 1513; x_wconf 82' lang='lat' dir='ltr'>obversa</span> 
     </span>
     <span class='ocr_line' id='line_1_15' title="bbox 620 1550 2866 1662; baseline -0.008 -23"><span class='ocrx_word' id='word_1_126' title='bbox 620 1565 847 1639; x_wconf 83' lang='lat' dir='ltr'>radios</span> <span class='ocrx_word' id='word_1_127' title='bbox 871 1571 1013 1658; x_wconf 81' lang='lat' dir='ltr'>ejus</span> <span class='ocrx_word' id='word_1_128' title='bbox 1036 1562 1306 1662; x_wconf 78' lang='lat' dir='ltr'>excipit:</span> <span class='ocrx_word' id='word_1_129' title='bbox 1710 1616 1715 1621; x_wconf 69' lang='lat'><strong>.</strong></span> <span class='ocrx_word' id='word_1_130' title='bbox 1938 1583 1942 1587; x_wconf 88' lang='lat'><em>·</em></span> <span class='ocrx_word' id='word_1_131' title='bbox 2792 1550 2794 1553; x_wconf 70' lang='grc'><strong>’</strong></span> <span class='ocrx_word' id='word_1_132' title='bbox 2863 1598 2866 1603; x_wconf 90' lang='grc'>-</span> 
     </span>
     <span class='ocr_line' id='line_1_16' title="bbox 721 1636 3040 1776; baseline -0.011 -43"><span class='ocrx_word' id='word_1_133' title='bbox 721 1687 893 1771; x_wconf 62' lang='grc' dir='ltr'>7η.</span> <span class='ocrx_word' id='word_1_134' title='bbox 914 1672 1077 1776; x_wconf 33' lang='lat' dir='ltr'><strong><em>&#39;Nox</em></strong></span> <span class='ocrx_word' id='word_1_135' title='bbox 1106 1665 1181 1729; x_wconf 86' lang='lat' dir='ltr'>in</span> <span class='ocrx_word' id='word_1_136' title='bbox 1203 1686 1280 1731; x_wconf 90' lang='lat' dir='ltr'>ea</span> <span class='ocrx_word' id='word_1_137' title='bbox 1295 1702 1321 1740; x_wconf 80' lang='lat'><strong>,</strong></span> <span class='ocrx_word' id='word_1_138' title='bbox 1363 1681 1507 1754; x_wconf 77' lang='lat' dir='ltr'>quae</span> <span class='ocrx_word' id='word_1_139' title='bbox 1532 1651 1741 1726; x_wconf 55' lang='lat' dir='ltr'>{Sole</span> <span class='ocrx_word' id='word_1_140' title='bbox 1763 1641 1978 1727; x_wconf 85' lang='lat' dir='ltr'>aversa</span> <span class='ocrx_word' id='word_1_141' title='bbox 1988 1642 2211 1719; x_wconf 87' lang='lat' dir='ltr'>radios</span> <span class='ocrx_word' id='word_1_142' title='bbox 2227 1652 2366 1746; x_wconf 85' lang='lat' dir='ltr'>ejus</span> <span class='ocrx_word' id='word_1_143' title='bbox 2379 1636 2761 1739; x_wconf 69' lang='lat' dir='ltr'>immediate</span> <span class='ocrx_word' id='word_1_144' title='bbox 2776 1640 3040 1739; x_wconf 35' lang='lat' dir='ltr'>excipe-1</span> 
     </span>
     <span class='ocr_line' id='line_1_17' title="bbox 623 1778 3030 1837; baseline -0.012 0"><span class='ocrx_word' id='word_1_145' title='bbox 623 1787 694 1836; x_wconf 87' lang='lat' dir='ltr'>re</span> <span class='ocrx_word' id='word_1_146' title='bbox 726 1786 811 1837; x_wconf 85' lang='lat' dir='ltr'>ne</span> <span class='ocrx_word' id='word_1_147' title='bbox 865 1778 983 1831; x_wconf 80' lang='lat' dir='ltr'>uit.</span> <span class='ocrx_word' id='word_1_148' title='bbox 1348 1790 1351 1793; x_wconf 43' lang='lat'>1</span> <span class='ocrx_word' id='word_1_149' title='bbox 3021 1788 3030 1801; x_wconf 82' lang='lat'><em>.</em></span> 
     </span>
     <span class='ocr_line' id='line_1_18' title="bbox 718 1787 3037 1955; baseline -0.011 -20"><span class='ocrx_word' id='word_1_150' title='bbox 718 1787 891 1952; x_wconf 58' lang='lat'>723.</span> <span class='ocrx_word' id='word_1_151' title='bbox 940 1860 1024 1930; x_wconf 87' lang='lat' dir='ltr'>Et</span> <span class='ocrx_word' id='word_1_152' title='bbox 1040 1881 1187 1955; x_wconf 82' lang='lat' dir='ltr'>quae</span> <span class='ocrx_word' id='word_1_153' title='bbox 1204 1849 1494 1928; x_wconf 85' lang='lat' dir='ltr'>Telluris</span> <span class='ocrx_word' id='word_1_154' title='bbox 1517 1872 1666 1951; x_wconf 85' lang='lat' dir='ltr'>pars</span> <span class='ocrx_word' id='word_1_155' title='bbox 1687 1845 1860 1923; x_wconf 84' lang='lat' dir='ltr'>Solis</span> <span class='ocrx_word' id='word_1_156' title='bbox 1882 1842 2105 1921; x_wconf 85' lang='lat' dir='ltr'>radios</span> <span class='ocrx_word' id='word_1_157' title='bbox 2123 1842 2500 1921; x_wconf 68' lang='lat' dir='ltr'>direfflooes</span> <span class='ocrx_word' id='word_1_158' title='bbox 2526 1891 2549 1926; x_wconf 88' lang='lat'>,</span> <span class='ocrx_word' id='word_1_159' title='bbox 2584 1850 2642 1929; x_wconf 86' lang='lat'>§.</span> <span class='ocrx_word' id='word_1_160' title='bbox 2665 1863 2700 1929; x_wconf 79' lang='lat'>2</span> <span class='ocrx_word' id='word_1_161' title='bbox 2714 1864 2831 1913; x_wconf 80' lang='lat' dir='ltr'>zo.</span> <span class='ocrx_word' id='word_1_162' title='bbox 2865 1841 2934 1910; x_wconf 90' lang='lat' dir='ltr'>in</span> <span class='ocrx_word' id='word_1_163' title='bbox 2973 1831 3037 1910; x_wconf 72' lang='lat' dir='ltr'>le</span> 
     </span>
     <span class='ocr_line' id='line_1_19' title="bbox 621 1936 3038 2060; baseline -0.01 -26"><span class='ocrx_word' id='word_1_164' title='bbox 621 1960 830 2060; x_wconf 80' lang='lat' dir='ltr'>magis</span> <span class='ocrx_word' id='word_1_165' title='bbox 848 1958 1145 2036; x_wconf 79' lang='lat' dir='ltr'>reflexos,</span> <span class='ocrx_word' id='word_1_166' title='bbox 1170 1959 1235 2037; x_wconf 73' lang='lat' dir='ltr'>S.</span> <span class='ocrx_word' id='word_1_167' title='bbox 1254 1980 1336 2029; x_wconf 84' lang='lat'>22</span> <span class='ocrx_word' id='word_1_168' title='bbox 1348 1981 1377 2029; x_wconf 89' lang='lat'>1</span> <span class='ocrx_word' id='word_1_169' title='bbox 1390 2007 1409 2027; x_wconf 90' lang='lat'><strong>.</strong></span> <span class='ocrx_word' id='word_1_170' title='bbox 1423 1961 1495 2028; x_wconf 86' lang='lat'>&amp;</span> <span class='ocrx_word' id='word_1_171' title='bbox 1512 1949 1799 2054; x_wconf 83' lang='lat' dir='ltr'>proinde</span> <span class='ocrx_word' id='word_1_172' title='bbox 1815 1945 2339 2023; x_wconf 84' lang='lat' dir='ltr'>vehementiores</span> <span class='ocrx_word' id='word_1_173' title='bbox 2357 1950 2426 2017; x_wconf 89' lang='lat'>&amp;</span> <span class='ocrx_word' id='word_1_174' title='bbox 2444 1938 2791 2015; x_wconf 80' lang='lat' dir='ltr'>calidiores</span> <span class='ocrx_word' id='word_1_175' title='bbox 2807 1936 3038 2028; x_wconf 85' lang='lat' dir='ltr'>habet,</span> 
     </span>
     <span class='ocr_line' id='line_1_20' title="bbox 626 2066 1040 2133; baseline -0.024 1"><span class='ocrx_word' id='word_1_176' title='bbox 626 2066 696 2133; x_wconf 88' lang='lat' dir='ltr'>in</span> <span class='ocrx_word' id='word_1_177' title='bbox 723 2084 802 2132; x_wconf 86' lang='lat' dir='ltr'>ea</span> <span class='ocrx_word' id='word_1_178' title='bbox 838 2070 917 2131; x_wconf 77' lang='grc' dir='ltr'>ΑΞ</span> <span class='ocrx_word' id='word_1_179' title='bbox 960 2080 1040 2126; x_wconf 66' lang='lat' dir='ltr'>aa.</span> 
     </span>
     <span class='ocr_line' id='line_1_21' title="bbox 727 2055 3043 2255; baseline -0.011 -27"><span class='ocrx_word' id='word_1_180' title='bbox 727 2183 775 2255; x_wconf 92' lang='lat'>7</span> <span class='ocrx_word' id='word_1_181' title='bbox 788 2182 824 2227; x_wconf 88' lang='lat'>2</span> <span class='ocrx_word' id='word_1_182' title='bbox 835 2055 1133 2252; x_wconf 66' lang='lat' dir='ltr'>9.stQae</span> <span class='ocrx_word' id='word_1_183' title='bbox 1149 2169 1375 2221; x_wconf 86' lang='lat' dir='ltr'>autem</span> <span class='ocrx_word' id='word_1_184' title='bbox 1389 2140 1799 2243; x_wconf 86' lang='lat' dir='ltr'>obliquiores</span> <span class='ocrx_word' id='word_1_185' title='bbox 1815 2188 1838 2226; x_wconf 85' lang='lat'><strong>,</strong></span> <span class='ocrx_word' id='word_1_186' title='bbox 1883 2142 2093 2247; x_wconf 84' lang='lat' dir='ltr'>magis</span> <span class='ocrx_word' id='word_1_187' title='bbox 2112 2135 2485 2215; x_wconf 84' lang='lat' dir='ltr'>diffilientes</span> <span class='ocrx_word' id='word_1_188' title='bbox 2501 2165 2578 2213; x_wconf 88' lang='lat' dir='ltr'>ac</span> <span class='ocrx_word' id='word_1_189' title='bbox 2600 2137 2885 2242; x_wconf 80' lang='lat' dir='ltr'>proinde</span> <span class='ocrx_word' id='word_1_190' title='bbox 2907 2138 3043 2213; x_wconf 82' lang='lat' dir='ltr'>mi-</span> 
     </span>
     <span class='ocr_line' id='line_1_22' title="bbox 630 2233 3040 2356; baseline -0.011 -23"><span class='ocrx_word' id='word_1_191' title='bbox 630 2282 749 2333; x_wconf 82' lang='lat' dir='ltr'>nus</span> <span class='ocrx_word' id='word_1_192' title='bbox 771 2259 1055 2356; x_wconf 83' lang='lat' dir='ltr'>agitatos</span> <span class='ocrx_word' id='word_1_193' title='bbox 1068 2257 1134 2324; x_wconf 76' lang='grc' dir='ltr'>δι</span> <span class='ocrx_word' id='word_1_194' title='bbox 1150 2245 1524 2351; x_wconf 83' lang='lat' dir='ltr'>frigidiores</span> <span class='ocrx_word' id='word_1_195' title='bbox 1544 2245 1776 2324; x_wconf 79' lang='lat' dir='ltr'>habet,</span> <span class='ocrx_word' id='word_1_196' title='bbox 1798 2249 1870 2316; x_wconf 89' lang='lat' dir='ltr'>in</span> <span class='ocrx_word' id='word_1_197' title='bbox 1881 2270 1957 2316; x_wconf 87' lang='lat' dir='ltr'>ea</span> <span class='ocrx_word' id='word_1_198' title='bbox 1973 2248 2191 2315; x_wconf 74' lang='lat' dir='ltr'>niem.</span> <span class='ocrx_word' id='word_1_199' title='bbox 3039 2233 3040 2236; x_wconf 63' lang='grc'>’</span> 
     </span>
     <span class='ocr_line' id='line_1_23' title="bbox 726 2335 3034 2521; baseline -0.005 -95"><span class='ocrx_word' id='word_1_200' title='bbox 726 2380 773 2454; x_wconf 92' lang='lat'>7</span> <span class='ocrx_word' id='word_1_201' title='bbox 791 2381 818 2449; x_wconf 80' lang='lat'>3</span> <span class='ocrx_word' id='word_1_202' title='bbox 833 2380 902 2427; x_wconf 90' lang='lat' dir='ltr'>o.</span> <span class='ocrx_word' id='word_1_203' title='bbox 952 2356 1036 2424; x_wconf 82' lang='lat' dir='ltr'>Et</span> <span class='ocrx_word' id='word_1_204' title='bbox 1066 2375 1213 2521; x_wconf 61' lang='grc' dir='ltr'>Ἑιε</span> <span class='ocrx_word' id='word_1_205' title='bbox 1229 2344 1522 2450; x_wconf 89' lang='lat' dir='ltr'>pluribus</span> <span class='ocrx_word' id='word_1_206' title='bbox 1550 2345 1735 2420; x_wconf 86' lang='lat' dir='ltr'>horis</span> <span class='ocrx_word' id='word_1_207' title='bbox 1751 2353 1818 2418; x_wconf 91' lang='lat' dir='ltr'>in</span> <span class='ocrx_word' id='word_1_208' title='bbox 1840 2343 2009 2418; x_wconf 87' lang='lat' dir='ltr'>Solis</span> <span class='ocrx_word' id='word_1_209' title='bbox 2039 2343 2287 2418; x_wconf 88' lang='lat' dir='ltr'>lumine</span> <span class='ocrx_word' id='word_1_210' title='bbox 2306 2335 2587 2413; x_wconf 72' lang='lat' dir='ltr'>veriatur</span> <span class='ocrx_word' id='word_1_211' title='bbox 2605 2392 2628 2428; x_wconf 91' lang='lat'><strong>,</strong></span> <span class='ocrx_word' id='word_1_212' title='bbox 2660 2337 3034 2444; x_wconf 77' lang='lat' dir='ltr'>longiores3</span> 
     </span>
     <span class='ocr_line' id='line_1_24' title="bbox 630 2442 1993 2558; baseline -0.01 -26"><span class='ocrx_word' id='word_1_213' title='bbox 630 2483 774 2558; x_wconf 84' lang='lat' dir='ltr'>quae</span> <span class='ocrx_word' id='word_1_214' title='bbox 789 2455 1089 2556; x_wconf 85' lang='lat' dir='ltr'>pauciori</span> <span class='ocrx_word' id='word_1_215' title='bbox 1144 2477 1242 2528; x_wconf 80' lang='lat' dir='ltr'>us,</span> <span class='ocrx_word' id='word_1_216' title='bbox 1265 2447 1597 2522; x_wconf 86' lang='lat' dir='ltr'>breviores</span> <span class='ocrx_word' id='word_1_217' title='bbox 1614 2445 1817 2519; x_wconf 88' lang='lat' dir='ltr'>habet</span> <span class='ocrx_word' id='word_1_218' title='bbox 1831 2442 1993 2519; x_wconf 86' lang='lat' dir='ltr'>dies.</span> 
     </span>
     <span class='ocr_line' id='line_1_25' title="bbox 730 2538 3047 2654; baseline -0.006 -26"><span class='ocrx_word' id='word_1_219' title='bbox 730 2583 818 2654; x_wconf 83' lang='lat'>73</span> <span class='ocrx_word' id='word_1_220' title='bbox 841 2583 867 2627; x_wconf 90' lang='lat' dir='ltr'>r</span> <span class='ocrx_word' id='word_1_221' title='bbox 880 2603 902 2623; x_wconf 89' lang='lat'><strong>.</strong></span> <span class='ocrx_word' id='word_1_222' title='bbox 951 2558 1276 2628; x_wconf 89' lang='lat' dir='ltr'>Oriuntur</span> <span class='ocrx_word' id='word_1_223' title='bbox 1295 2571 1516 2623; x_wconf 89' lang='lat' dir='ltr'>autem</span> <span class='ocrx_word' id='word_1_224' title='bbox 1545 2548 1685 2621; x_wconf 89' lang='lat' dir='ltr'>diei</span> <span class='ocrx_word' id='word_1_225' title='bbox 1702 2573 1780 2620; x_wconf 84' lang='lat' dir='ltr'>ac</span> <span class='ocrx_word' id='word_1_226' title='bbox 1790 2549 2004 2619; x_wconf 60' lang='lat' dir='ltr'>noctis</span> <span class='ocrx_word' id='word_1_227' title='bbox 2018 2538 2392 2616; x_wconf 68' lang='lat' dir='ltr'>differentiae</span> <span class='ocrx_word' id='word_1_228' title='bbox 2418 2539 2457 2616; x_wconf 75' lang='lat' dir='ltr'>a</span> <span class='ocrx_word' id='word_1_229' title='bbox 2472 2540 2844 2642; x_wconf 81' lang='lat' dir='ltr'>particulari</span> <span class='ocrx_word' id='word_1_230' title='bbox 2872 2547 3047 2630; x_wconf 53' lang='lat' dir='ltr'>cond</span> 
     </span>
     <span class='ocr_line' id='line_1_26' title="bbox 629 2639 3038 2749; baseline -0.007 -17"><span class='ocrx_word' id='word_1_231' title='bbox 629 2654 924 2733; x_wconf 74' lang='lat' dir='ltr'>versione</span> <span class='ocrx_word' id='word_1_232' title='bbox 964 2655 1236 2729; x_wconf 82' lang='lat' dir='ltr'>vorticis</span> <span class='ocrx_word' id='word_1_233' title='bbox 1282 2653 1502 2723; x_wconf 84' lang='lat' dir='ltr'>Terrae</span> <span class='ocrx_word' id='word_1_234' title='bbox 1544 2653 1714 2722; x_wconf 90' lang='lat' dir='ltr'>circa</span> <span class='ocrx_word' id='word_1_235' title='bbox 1749 2652 2090 2749; x_wconf 88' lang='lat' dir='ltr'>proprium</span> <span class='ocrx_word' id='word_1_236' title='bbox 2130 2665 2430 2717; x_wconf 87' lang='lat' dir='ltr'>centrum</span> <span class='ocrx_word' id='word_1_237' title='bbox 2466 2694 2489 2727; x_wconf 86' lang='lat'>,</span> <span class='ocrx_word' id='word_1_238' title='bbox 2548 2643 2611 2718; x_wconf 84' lang='lat'>§.</span> <span class='ocrx_word' id='word_1_239' title='bbox 2652 2656 2818 2731; x_wconf 85' lang='lat'><em>690.</em></span> <span class='ocrx_word' id='word_1_240' title='bbox 2858 2639 3038 2740; x_wconf 66' lang='lat' dir='ltr'>seqq.</span> 
     </span>
     <span class='ocr_line' id='line_1_27' title="bbox 633 2740 3039 2926; baseline -0.007 -96"><span class='ocrx_word' id='word_1_241' title='bbox 633 2765 864 2926; x_wconf 38' lang='lat' dir='ltr'>Quem</span> <span class='ocrx_word' id='word_1_242' title='bbox 885 2780 1146 2828; x_wconf 86' lang='lat' dir='ltr'>motum</span> <span class='ocrx_word' id='word_1_243' title='bbox 1163 2776 1389 2825; x_wconf 83' lang='lat' dir='ltr'>vortex</span> <span class='ocrx_word' id='word_1_244' title='bbox 1407 2749 1513 2822; x_wconf 90' lang='lat' dir='ltr'>ille</span> <span class='ocrx_word' id='word_1_245' title='bbox 1530 2805 1552 2839; x_wconf 91' lang='lat'>,</span> <span class='ocrx_word' id='word_1_246' title='bbox 1585 2751 1769 2851; x_wconf 84' lang='lat'>§.56</span> <span class='ocrx_word' id='word_1_247' title='bbox 1783 2777 1809 2840; x_wconf 81' lang='lat'><em>3</em></span> <span class='ocrx_word' id='word_1_248' title='bbox 1825 2803 1843 2822; x_wconf 89' lang='lat'><strong><em>.</em></strong></span> <span class='ocrx_word' id='word_1_249' title='bbox 1880 2773 2017 2819; x_wconf 90' lang='lat' dir='ltr'>non</span> <span class='ocrx_word' id='word_1_250' title='bbox 2034 2740 2241 2816; x_wconf 84' lang='lat' dir='ltr'>amifit</span> <span class='ocrx_word' id='word_1_251' title='bbox 2257 2796 2279 2830; x_wconf 89' lang='lat'>,</span> <span class='ocrx_word' id='word_1_252' title='bbox 2301 2746 2593 2840; x_wconf 85' lang='lat' dir='ltr'>quamvis</span> <span class='ocrx_word' id='word_1_253' title='bbox 2610 2745 2648 2817; x_wconf 67' lang='lat' dir='ltr'>a</span> <span class='ocrx_word' id='word_1_254' title='bbox 2657 2747 3039 2844; x_wconf 82' lang='lat' dir='ltr'>potentiore</span> 
     </span>
     <span class='ocr_line' id='line_1_28' title="bbox 634 2847 1956 2949; baseline -0.008 -20"><span class='ocrx_word' id='word_1_255' title='bbox 634 2860 726 2929; x_wconf 93' lang='lat' dir='ltr'>So</span> <span class='ocrx_word' id='word_1_256' title='bbox 756 2865 804 2928; x_wconf 86' lang='lat' dir='ltr'>is</span> <span class='ocrx_word' id='word_1_257' title='bbox 825 2858 1073 2926; x_wconf 86' lang='lat' dir='ltr'>vortice</span> <span class='ocrx_word' id='word_1_258' title='bbox 1090 2849 1431 2949; x_wconf 83' lang='lat' dir='ltr'>absorptus</span> <span class='ocrx_word' id='word_1_259' title='bbox 1450 2847 1672 2920; x_wconf 89' lang='lat' dir='ltr'>fuerit.</span> <span class='ocrx_word' id='word_1_260' title='bbox 1693 2850 1751 2947; x_wconf 88' lang='lat'>§.</span> <span class='ocrx_word' id='word_1_261' title='bbox 1784 2859 1956 2938; x_wconf 87' lang='lat'>644.</span> 
     </span>
    </p>

    <p class='ocr_par' dir='ltr' id='par_1_8' title="bbox 633 2937 3041 3142">
     <span class='ocr_line' id='line_1_29' title="bbox 729 2937 3041 3051; baseline -0.005 -28"><span class='ocrx_word' id='word_1_262' title='bbox 729 2979 901 3051; x_wconf 85' lang='lat'>732.</span> <span class='ocrx_word' id='word_1_263' title='bbox 949 2955 1114 3020; x_wconf 83' lang='lat' dir='ltr'>Haec</span> <span class='ocrx_word' id='word_1_264' title='bbox 1151 2948 1243 3017; x_wconf 92' lang='lat' dir='ltr'>est</span> <span class='ocrx_word' id='word_1_265' title='bbox 1282 2953 1548 3035; x_wconf 77' lang='lat' dir='ltr'>converfio</span> <span class='ocrx_word' id='word_1_266' title='bbox 1581 2948 1787 3017; x_wconf 77' lang='lat' dir='ltr'>diurna</span> <span class='ocrx_word' id='word_1_267' title='bbox 1807 2999 1826 3028; x_wconf 87' lang='lat'><strong>,</strong></span> <span class='ocrx_word' id='word_1_268' title='bbox 1863 2969 2007 3041; x_wconf 86' lang='lat' dir='ltr'>quae</span> <span class='ocrx_word' id='word_1_269' title='bbox 2055 2940 2462 3041; x_wconf 86' lang='lat' dir='ltr'>distinguitur</span> <span class='ocrx_word' id='word_1_270' title='bbox 2494 2937 2580 3013; x_wconf 89' lang='lat' dir='ltr'>ab</span> <span class='ocrx_word' id='word_1_271' title='bbox 2610 2963 2803 3013; x_wconf 80' lang='lat' dir='ltr'>annua</span> <span class='ocrx_word' id='word_1_272' title='bbox 2832 2993 2859 3027; x_wconf 88' lang='lat'><strong>,</strong></span> <span class='ocrx_word' id='word_1_273' title='bbox 2910 2941 3041 3038; x_wconf 64' lang='lat' dir='ltr'>qua</span> 
     </span>
     <span class='ocr_line' id='line_1_30' title="bbox 633 3039 2743 3142; baseline -0.009 -13"><span class='ocrx_word' id='word_1_274' title='bbox 633 3075 864 3130; x_wconf 83' lang='lat' dir='ltr'>vortex</span> <span class='ocrx_word' id='word_1_275' title='bbox 874 3051 1093 3120; x_wconf 83' lang='lat' dir='ltr'>Terrae</span> <span class='ocrx_word' id='word_1_276' title='bbox 1108 3063 1263 3118; x_wconf 88' lang='lat' dir='ltr'>curn</span> <span class='ocrx_word' id='word_1_277' title='bbox 1284 3042 1420 3116; x_wconf 85' lang='lat' dir='ltr'>aliis</span> <span class='ocrx_word' id='word_1_278' title='bbox 1432 3041 1708 3115; x_wconf 87' lang='lat' dir='ltr'>Planetis</span> <span class='ocrx_word' id='word_1_279' title='bbox 1728 3048 1896 3113; x_wconf 86' lang='lat' dir='ltr'>circa</span> <span class='ocrx_word' id='word_1_280' title='bbox 1916 3039 2143 3113; x_wconf 85' lang='lat' dir='ltr'>Solem</span> <span class='ocrx_word' id='word_1_281' title='bbox 2162 3039 2471 3114; x_wconf 88' lang='lat' dir='ltr'>defertur.</span> <span class='ocrx_word' id='word_1_282' title='bbox 2490 3043 2554 3142; x_wconf 88' lang='lat'>§.</span> <span class='ocrx_word' id='word_1_283' title='bbox 2573 3068 2743 3138; x_wconf 90' lang='lat'><em>700.</em></span> 
     </span>
    </p>

    <p class='ocr_par' dir='ltr' id='par_1_9' title="bbox 637 3134 3044 3347">
     <span class='ocr_line' id='line_1_31' title="bbox 727 3134 3044 3251; baseline -0.006 -27"><span class='ocrx_word' id='word_1_284' title='bbox 727 3180 813 3251; x_wconf 85' lang='lat'>73</span> <span class='ocrx_word' id='word_1_285' title='bbox 838 3177 897 3240; x_wconf 77' lang='lat'>3.</span> <span class='ocrx_word' id='word_1_286' title='bbox 950 3151 1027 3221; x_wconf 89' lang='lat' dir='ltr'>In</span> <span class='ocrx_word' id='word_1_287' title='bbox 1045 3170 1186 3221; x_wconf 87' lang='lat' dir='ltr'>utra</span> <span class='ocrx_word' id='word_1_288' title='bbox 1236 3171 1316 3218; x_wconf 90' lang='lat' dir='ltr'>ue</span> <span class='ocrx_word' id='word_1_289' title='bbox 1332 3138 1757 3220; x_wconf 77' lang='lat' dir='ltr'>conversione</span> <span class='ocrx_word' id='word_1_290' title='bbox 1772 3142 1976 3212; x_wconf 87' lang='lat' dir='ltr'>Terra</span> <span class='ocrx_word' id='word_1_291' title='bbox 1988 3144 2270 3211; x_wconf 89' lang='lat' dir='ltr'>immota</span> <span class='ocrx_word' id='word_1_292' title='bbox 2281 3134 2460 3215; x_wconf 76' lang='lat' dir='ltr'>coeli</span> <span class='ocrx_word' id='word_1_293' title='bbox 2475 3139 2822 3216; x_wconf 83' lang='lat' dir='ltr'>ambientis</span> <span class='ocrx_word' id='word_1_294' title='bbox 2838 3144 3044 3215; x_wconf 79' lang='lat' dir='ltr'>moti-</span> 
     </span>
     <span class='ocr_line' id='line_1_32' title="bbox 637 3235 2542 3347; baseline -0.005 -23"><span class='ocrx_word' id='word_1_295' title='bbox 637 3250 760 3324; x_wconf 88' lang='lat' dir='ltr'>bus</span> <span class='ocrx_word' id='word_1_296' title='bbox 778 3245 1177 3347; x_wconf 86' lang='lat' dir='ltr'>obsequitur,</span> <span class='ocrx_word' id='word_1_297' title='bbox 1243 3273 1355 3320; x_wconf 88' lang='lat' dir='ltr'>um</span> <span class='ocrx_word' id='word_1_298' title='bbox 1372 3244 1456 3318; x_wconf 89' lang='lat' dir='ltr'>ab</span> <span class='ocrx_word' id='word_1_299' title='bbox 1473 3270 1557 3316; x_wconf 92' lang='lat' dir='ltr'>eo</span> <span class='ocrx_word' id='word_1_300' title='bbox 1576 3263 1880 3344; x_wconf 85' lang='lat' dir='ltr'>portatur</span> <span class='ocrx_word' id='word_1_301' title='bbox 1899 3236 2001 3312; x_wconf 87' lang='lat' dir='ltr'>seu</span> <span class='ocrx_word' id='word_1_302' title='bbox 2022 3235 2336 3315; x_wconf 86' lang='lat' dir='ltr'>defertur.</span> <span class='ocrx_word' id='word_1_303' title='bbox 2539 3309 2542 3314; x_wconf 85' lang='lat'>.</span> 
     </span>
    </p>

    <p class='ocr_par' dir='ltr' id='par_1_10' title="bbox 630 3334 3044 3848">
     <span class='ocr_line' id='line_1_33' title="bbox 726 3334 3040 3448; baseline -0.005 -26"><span class='ocrx_word' id='word_1_304' title='bbox 726 3377 774 3448; x_wconf 92' lang='lat'><em>7</em></span> <span class='ocrx_word' id='word_1_305' title='bbox 787 3377 817 3442; x_wconf 84' lang='lat'><em>3</em></span> <span class='ocrx_word' id='word_1_306' title='bbox 831 3378 902 3440; x_wconf 88' lang='lat'>4.</span> <span class='ocrx_word' id='word_1_307' title='bbox 955 3353 1027 3426; x_wconf 87' lang='lat' dir='ltr'>Si</span> <span class='ocrx_word' id='word_1_308' title='bbox 1038 3374 1178 3422; x_wconf 89' lang='lat' dir='ltr'>non</span> <span class='ocrx_word' id='word_1_309' title='bbox 1190 3355 1280 3419; x_wconf 82' lang='lat' dir='ltr'>ita</span> <span class='ocrx_word' id='word_1_310' title='bbox 1294 3344 1653 3420; x_wconf 86' lang='lat' dir='ltr'>deferretur</span> <span class='ocrx_word' id='word_1_311' title='bbox 1670 3387 1693 3424; x_wconf 86' lang='lat'>‚</span> <span class='ocrx_word' id='word_1_312' title='bbox 1724 3337 2049 3416; x_wconf 80' lang='lat' dir='ltr'>neceffum</span> <span class='ocrx_word' id='word_1_313' title='bbox 2064 3334 2241 3414; x_wconf 89' lang='lat' dir='ltr'>foret</span> <span class='ocrx_word' id='word_1_314' title='bbox 2256 3365 2328 3414; x_wconf 93' lang='lat' dir='ltr'>ut</span> <span class='ocrx_word' id='word_1_315' title='bbox 2343 3338 2677 3414; x_wconf 87' lang='lat' dir='ltr'>recederet</span> <span class='ocrx_word' id='word_1_316' title='bbox 2697 3367 2771 3415; x_wconf 86' lang='lat' dir='ltr'>ac</span> <span class='ocrx_word' id='word_1_317' title='bbox 2789 3338 3040 3443; x_wconf 89' lang='lat' dir='ltr'>separa-</span> 
     </span>
     <span class='ocr_line' id='line_1_34' title="bbox 634 3439 3042 3543; baseline -0.005 -18"><span class='ocrx_word' id='word_1_318' title='bbox 634 3475 809 3525; x_wconf 90' lang='lat' dir='ltr'>retur</span> <span class='ocrx_word' id='word_1_319' title='bbox 842 3446 1029 3522; x_wconf 85' lang='lat' dir='ltr'>fimul</span> <span class='ocrx_word' id='word_1_320' title='bbox 1053 3455 1122 3522; x_wconf 88' lang='lat'>&amp;</span> <span class='ocrx_word' id='word_1_321' title='bbox 1155 3443 1349 3523; x_wconf 89' lang='lat' dir='ltr'>semel</span> <span class='ocrx_word' id='word_1_322' title='bbox 1368 3448 1404 3521; x_wconf 67' lang='grc' dir='ltr'>ἓι</span> <span class='ocrx_word' id='word_1_323' title='bbox 1435 3469 1586 3524; x_wconf 79' lang='lat' dir='ltr'>toto</span> <span class='ocrx_word' id='word_1_324' title='bbox 1625 3441 1832 3521; x_wconf 83' lang='lat' dir='ltr'>Coelo</span> <span class='ocrx_word' id='word_1_325' title='bbox 1852 3439 2223 3517; x_wconf 83' lang='lat' dir='ltr'>ambiente:</span> <span class='ocrx_word' id='word_1_326' title='bbox 2255 3469 2394 3542; x_wconf 91' lang='lat' dir='ltr'>quo</span> <span class='ocrx_word' id='word_1_327' title='bbox 2415 3440 2552 3543; x_wconf 86' lang='lat' dir='ltr'>ipso</span> <span class='ocrx_word' id='word_1_328' title='bbox 2572 3468 2793 3516; x_wconf 85' lang='lat' dir='ltr'>revera</span> <span class='ocrx_word' id='word_1_329' title='bbox 2807 3467 3042 3516; x_wconf 87' lang='lat' dir='ltr'>move-</span> 
     </span>
     <span class='ocr_line' id='line_1_35' title="bbox 630 3542 3044 3651; baseline -0.005 -27"><span class='ocrx_word' id='word_1_330' title='bbox 630 3576 851 3630; x_wconf 84' lang='lat' dir='ltr'>retur,</span> <span class='ocrx_word' id='word_1_331' title='bbox 886 3576 961 3624; x_wconf 85' lang='lat' dir='ltr'>ex</span> <span class='ocrx_word' id='word_1_332' title='bbox 982 3547 1044 3651; x_wconf 87' lang='lat'>§.</span> <span class='ocrx_word' id='word_1_333' title='bbox 1072 3549 1227 3623; x_wconf 83' lang='lat'><em>128.</em></span> <span class='ocrx_word' id='word_1_334' title='bbox 1250 3542 1433 3619; x_wconf 86' lang='lat' dir='ltr'>ficuti</span> <span class='ocrx_word' id='word_1_335' title='bbox 1471 3543 1769 3647; x_wconf 63' lang='lat' dir='ltr'>respectu</span> <span class='ocrx_word' id='word_1_336' title='bbox 1802 3544 1937 3621; x_wconf 90' lang='lat' dir='ltr'>loci</span> <span class='ocrx_word' id='word_1_337' title='bbox 1961 3550 2167 3642; x_wconf 74' lang='lat' dir='ltr'>proprii</span> <span class='ocrx_word' id='word_1_338' title='bbox 2191 3597 2214 3632; x_wconf 88' lang='lat'>,</span> <span class='ocrx_word' id='word_1_339' title='bbox 2263 3545 2324 3646; x_wconf 86' lang='lat'>§</span> <span class='ocrx_word' id='word_1_340' title='bbox 2344 3569 2461 3642; x_wconf 89' lang='lat'>77.</span> <span class='ocrx_word' id='word_1_341' title='bbox 2502 3569 2809 3619; x_wconf 84' lang='lat' dir='ltr'>movetur</span> <span class='ocrx_word' id='word_1_342' title='bbox 2845 3549 2899 3618; x_wconf 88' lang='lat' dir='ltr'>is</span> <span class='ocrx_word' id='word_1_343' title='bbox 2926 3547 3044 3641; x_wconf 88' lang='lat' dir='ltr'>qui</span> 
     </span>
     <span class='ocr_line' id='line_1_36' title="bbox 634 3643 3041 3833; baseline -0.005 -109"><span class='ocrx_word' id='word_1_344' title='bbox 634 3649 923 3833; x_wconf 64' lang='lat' dir='ltr'>adverso⁶</span> <span class='ocrx_word' id='word_1_345' title='bbox 923 3653 1189 3726; x_wconf 86' lang='lat' dir='ltr'>flumine</span> <span class='ocrx_word' id='word_1_346' title='bbox 1201 3670 1385 3722; x_wconf 85' lang='lat' dir='ltr'>natat</span> <span class='ocrx_word' id='word_1_347' title='bbox 1401 3693 1426 3734; x_wconf 87' lang='lat'>,</span> <span class='ocrx_word' id='word_1_348' title='bbox 1457 3647 1611 3721; x_wconf 75' lang='lat' dir='ltr'>licet</span> <span class='ocrx_word' id='word_1_349' title='bbox 1630 3656 1890 3722; x_wconf 80' lang='lat' dir='ltr'>manere</span> <span class='ocrx_word' id='word_1_350' title='bbox 1906 3646 2163 3722; x_wconf 84' lang='lat' dir='ltr'>dicatur</span> <span class='ocrx_word' id='word_1_351' title='bbox 2181 3652 2251 3720; x_wconf 90' lang='lat' dir='ltr'>in</span> <span class='ocrx_word' id='word_1_352' title='bbox 2273 3644 2516 3721; x_wconf 88' lang='lat' dir='ltr'>eodem</span> <span class='ocrx_word' id='word_1_353' title='bbox 2532 3644 2690 3720; x_wconf 91' lang='lat' dir='ltr'>loco</span> <span class='ocrx_word' id='word_1_354' title='bbox 2709 3701 2732 3734; x_wconf 90' lang='lat'>,</span> <span class='ocrx_word' id='word_1_355' title='bbox 2751 3643 3041 3743; x_wconf 85' lang='lat' dir='ltr'>intellige</span> 
     </span>
     <span class='ocr_line' id='line_1_37' title="bbox 632 3771 1089 3848; baseline -0.004 -25"><span class='ocrx_word' id='word_1_356' title='bbox 632 3771 869 3823; x_wconf 74' lang='lat' dir='ltr'>remoto.</span> <span class='ocrx_word' id='word_1_357' title='bbox 934 3803 952 3822; x_wconf 92' lang='lat'><strong>.</strong></span> <span class='ocrx_word' id='word_1_358' title='bbox 968 3778 1013 3848; x_wconf 95' lang='lat'><em>7</em></span> <span class='ocrx_word' id='word_1_359' title='bbox 1029 3780 1089 3844; x_wconf 61' lang='grc' dir='ltr'>ς.</span> 
     </span>
    </p>

    <p class='ocr_par' dir='ltr' id='par_1_11' title="bbox 552 3839 3044 3951">
     <span class='ocr_line' id='line_1_38' title="bbox 552 3839 3044 3951; baseline -0.006 -26"><span class='ocrx_word' id='word_1_360' title='bbox 552 3941 561 3949; x_wconf 25' lang='grc' dir='ltr'>ι</span> <span class='ocrx_word' id='word_1_361' title='bbox 731 3873 899 3946; x_wconf 83' lang='lat'>735.</span> <span class='ocrx_word' id='word_1_362' title='bbox 954 3857 1051 3923; x_wconf 87' lang='lat' dir='ltr'>Ita</span> <span class='ocrx_word' id='word_1_363' title='bbox 1082 3851 1195 3947; x_wconf 91' lang='lat' dir='ltr'>qui</span> <span class='ocrx_word' id='word_1_364' title='bbox 1216 3853 1528 3924; x_wconf 86' lang='lat' dir='ltr'>immotus</span> <span class='ocrx_word' id='word_1_365' title='bbox 1545 3852 1612 3923; x_wconf 89' lang='lat' dir='ltr'>in</span> <span class='ocrx_word' id='word_1_366' title='bbox 1640 3845 1883 3951; x_wconf 83' lang='lat' dir='ltr'>angulo</span> <span class='ocrx_word' id='word_1_367' title='bbox 1927 3847 2110 3919; x_wconf 86' lang='lat' dir='ltr'>navis</span> <span class='ocrx_word' id='word_1_368' title='bbox 2127 3855 2335 3942; x_wconf 82' lang='lat' dir='ltr'>jacet,</span> <span class='ocrx_word' id='word_1_369' title='bbox 2369 3844 2454 3915; x_wconf 90' lang='lat' dir='ltr'>ab</span> <span class='ocrx_word' id='word_1_370' title='bbox 2488 3842 2616 3943; x_wconf 84' lang='lat' dir='ltr'>ipsa</span> <span class='ocrx_word' id='word_1_371' title='bbox 2643 3839 2930 3915; x_wconf 87' lang='lat' dir='ltr'>defertur</span> <span class='ocrx_word' id='word_1_372' title='bbox 2964 3865 3044 3915; x_wconf 85' lang='lat' dir='ltr'>ex</span> 
     </span>
    </p>

    <p class='ocr_par' dir='ltr' id='par_1_12' title="bbox 637 3937 3050 4117">
     <span class='ocr_line' id='line_1_39' title="bbox 637 3937 3050 4053; baseline -0.005 -31"><span class='ocrx_word' id='word_1_373' title='bbox 637 3948 878 4049; x_wconf 80' lang='lat' dir='ltr'>Anglia</span> <span class='ocrx_word' id='word_1_374' title='bbox 917 3954 988 4024; x_wconf 85' lang='lat' dir='ltr'>in</span> <span class='ocrx_word' id='word_1_375' title='bbox 1022 3948 1332 4035; x_wconf 80' lang='lat' dir='ltr'>Galliam,</span> <span class='ocrx_word' id='word_1_376' title='bbox 1373 3976 1567 4053; x_wconf 86' lang='lat' dir='ltr'>atque</span> <span class='ocrx_word' id='word_1_377' title='bbox 1582 3957 1847 4034; x_wconf 80' lang='lat' dir='ltr'>interim</span> <span class='ocrx_word' id='word_1_378' title='bbox 1868 3943 2136 4049; x_wconf 71' lang='lat' dir='ltr'>proprie</span> <span class='ocrx_word' id='word_1_379' title='bbox 2164 3940 2509 4043; x_wconf 90' lang='lat' dir='ltr'>loquendo</span> <span class='ocrx_word' id='word_1_380' title='bbox 2529 3937 2799 4041; x_wconf 88' lang='lat' dir='ltr'>quiescit</span> <span class='ocrx_word' id='word_1_381' title='bbox 2836 3969 2852 4011; x_wconf 73' lang='grc' dir='ltr'><strong><em>ε</em></strong></span> <span class='ocrx_word' id='word_1_382' title='bbox 2886 3939 3050 4011; x_wconf 58' lang='lat' dir='ltr'>mo-&#39;</span> 
     </span>
     <span class='ocr_line' id='line_1_40' title="bbox 2744 4062 3039 4117; baseline -0.024 -2"><span class='ocrx_word' id='word_1_383' title='bbox 2744 4062 3039 4117; x_wconf 61' lang='lat' dir='ltr'>vetetur,</span> 
     </span>
    </p>
   </div>
  </div>
 </body>
</html>
