3391 4418
597 152 757 215 222·
1193 113 2342 204 *D‘rsrurarro

595 231 1016 322 afficiendum
1044 222 1344 305 conferat
1367 279 1393 312 ,
1425 223 1536 302 vul
1583 255 1627 301 o
1647 253 1788 300 non
1805 222 2307 305 consideramus.
2358 232 2540 307 Hinc
2557 231 2722 309 illud
2737 261 2864 337 pro
2876 236 3020 313 ali-e

596 367 738 441 quo
767 359 1047 436 corpore
1074 384 1099 421 ,
1128 330 1262 400 hoc
1286 353 1412 428 pro
1445 257 1627 402 nufio
1646 351 2045 429 reputamus.
2096 333 2208 403 Sic
2230 329 2508 407 dicimus
2525 360 2649 409 nos
2670 336 3012 414 viderem-2

597 467 755 516 men
771 436 943 513 Solis
958 456 1068 505 aut
1086 436 1286 503 Lunc
1301 442 1346 515 ,'
1373 450 1690 525 quatenus
1704 428 1860 500 inde
1877 428 2037 499 radii
2051 427 2135 500 ad
2159 456 2283 504 nos
2299 440 2567 508 veniunt
2583 466 2603 522 ς
2639 463 2765 509 nos
2779 438 3010 511 audire

598 538 832 614 sonum
867 555 1241 632 campanae,
1280 533 1599 626 quoniam
1629 525 1714 599 ab
1735 529 1843 601 illa
1861 526 2332 606 inchoaturille
2360 557 2580 622 motus
2600 586 2623 623 ,
2676 564 2876 636 quem
2900 538 3010 611 so..

600 633 761 712 num
789 631 1211 736 appellamus.
1259 632 1514 702 Sonum
1539 629 1698 703 vero
1719 681 1741 715 ‚
1780 628 1849 700 id
1873 629 2002 705 est,
2034 630 2390 703 tremulum
2413 643 2485 706 &
2503 632 2835 709 vibratum
2853 665 3009 710 mo-

602 764 748 813 tum
770 785 794 820 ,
826 741 900 805 in
937 742 1080 803 aere
1117 725 1513 800 intermedio
1544 725 1665 801 effe
1702 737 1774 800 ὃ(
1801 725 1996 825 usquc
2014 727 2101 799 ad
2119 756 2301 801 aures
2313 734 2559 806 nostras
2579 743 2955 810 continuari
2979 791 3009 823 ,

646 830 988 943 letumque
1006 855 1147 903 non
1162 826 1761 902 animadvertimus.
1781 829 1870 898 At
1882 823 2164 920 Phyficae
2180 829 2494 905 studiosus
2507 832 2853 936 diligenter
2870 838 3012 910 hoc

601 865 764 1009 foco
781 925 1778 1026 oblervabitrquemadmodum
1791 923 1987 999 sonus
2005 953 2335 1029 campanas
2347 931 2560 1006 nullus
2577 935 2861 1008 exaudiri
2877 929 3016 1037 po...

605 1036 766 1120 test,
809 1031 927 1106 nisi
961 1034 1248 1131 primum
1264 1052 1575 1128 campana
1600 1080 1621 1112 ‚
1660 1048 1736 1097 ut
1755 1026 1926 1130 ‘causti
1940 1025 2165 1119 efficiens
2181 1025 2320 1102 soni
2342 1084 2364 1118 ,
2392 1057 2650 1105 motum
2666 1041 3026 1113 a'e‘risexci-‚

605 1159 703 1209 tet
722 1188 745 1221 ,
761 1158 839 1205 ac
856 1129 1097 1204 deinde
1113 1137 1225 1200 aer
1239 1172 1263 1209 ,
1281 1126 1848 1224 utsubjebiumillius
1863 1150 2087 1199 motus
2105 1182 2128 1214 ,
2144 1129 2431 1203 eundem
2498 1157 2769 1235 ropaget
2789 1133 2877 1206 ad
2897 1162 3023 1209 au-

607 1261 749 1309 rem
765 1230 849 1307 us
881 1257 961 1303 ue
983 1259 1002 1303 ε
1048 1234 1141 1301 ita
1154 1252 1424 1327 quoque
1443 1224 1633 1298 stellae
1647 1225 1783 1298 fixae
1797 1224 2021 1298 lumen
2036 1227 2286 1304 nullum
2353 1259 2395 1303 o
2450 1261 2482 1303 e
2500 1240 2673 1305 cerni
2692 1288 2732 1322 ‚¹
2749 1232 2867 1308 nisi
2881 1241 3023 1336 pri-2

606 1358 792 1409 mum
830 1260 915 1404 :lb
949 1335 971 1400 i
1023 1325 1083 1399 sa
1111 1326 1291 1400 stella
1322 1350 1544 1400 motus
1579 1324 1809 1423 aliquis
1843 1331 2127 1414 oriatur,
2172 1354 2247 1402 ac
2271 1257 2509 1405 dginde
2575 1332 2915 1407 erCaelum
2931 1334 3018 1410 ad

611 1434 842 1508 oculos
872 1357 1131 1503 nogros
1158 1441 1369 1529 propa
1415 1451 1580 1499 etur.
1635 1426 1860 1523 Qod
1888 1427 2171 1525 proinde
2198 1429 2450 1504 Caelum
2470 1357 2830 1531 suzjestum
2846 1434 3021 1509 illius·

609 1534 870 1607 luminis
899 1530 1003 1603 vel
1034 1552 1258 1602 motus
1286 1454 1413 1604 τῆξ
1437 1524 1681 1612 debet,
1715 1550 1790 1598 ut
1824 1535 1932 1597 aer
1964 1524 2342 1623 subjeetum·
2366 1532 2458 1603 est
2496 1527 2631 1605 soni
2672 1531 2775 1607 vel
2796 1558 3021 1611 motus

611 1630 894 1706 tremuli.

715 1757 825 1806 10.
878 1734 960 1802 Et
990 1727 1172 1803 ficuti
1208 1721 1608 1827 impoffibile
1630 1716 1809 1792 soret
1824 1718 2056 1796 sonum
2088 1750 2417 1826 campanae
2439 1728 2649 1803 audiri
2670 1786 2693 1818 ,
2726 1729 2772 1803 fi
2794 1740 2902 1807 ae‘r
2920 1741 3024 1810 in.

608 1854 708 1906 ter
801 1829 953 1903 fitus
971 1854 1209 1930 corpus
1228 1826 1510 1899 omnino
1524 1817 1857 1920 quiescens
1877 1848 1953 1893 ac
1974 1821 2209 1896 durum
2241 1826 2395 1901 effer
2413 1857 2435 1911 3
2470 1830 2563 1902 ita
2579 1831 2978 1932 impoflibile
2994 1891 3020 1924 ‚

484 1967 503 1988 ··
606 1937 674 2003 vi
723 1935 815 2001 eri
842 1928 1064 2000 lumen
1092 1925 1314 2006 stellae,
1349 1918 1396 1993 fi
1415 1925 1801 2019 interjacens
1818 1921 2070 1995 Caelum
2091 1930 2280 1996 omni
2303 1952 2379 1999 ex
2405 1954 2588 2028 parte
2608 1929 2845 2006 durum
2865 1962 3021 2008 cor-

608 2053 732 2130 pus
769 2026 1084 2099 existeret.
1132 2026 1282 2097 Imo
1319 2019 1365 2092 fi
1383 2035 1665 2120 corpora
1681 2018 1843 2092 dura
1856 2027 2023 2094 inter
2038 2048 2425 2126 campanam
2448 2036 2756 2103 &aurem
2773 2039 2843 2106 in
2866 2047 3020 2111 εὸτι

606 2135 1037 2227 interjaceant
1053 2177 1075 2208 ,
1124 2129 1194 2196 in
1210 2129 1288 2197 iis
1305 2145 1511 2226 poros
1526 2117 1652 2192 effe
1674 2143 1945 2221 oportet
1958 2129 2100 2194 ae're
2119 2123 2430 2225 repletos,
2453 2154 2527 2204 ut
2544 2130 2885 2207 eoncuffio
2905 2134 3022 2212 illa

548 2254 559 2261 ⁴
608 2228 742 2300 fine
777 2228 1253 2326 interruptione
1298 2227 1744 2298 continuetur.
1791 2221 2229 2323 Similiterque
2255 2229 2504 2303 neeeffe
2521 2234 2611 2306 est
2632 2232 2772 2306 dari
2782 2257 2938 2329 poros
2954 2242 3017 2310 in

605 2332 757 2404 vitro
788 2321 1047 2455 aliisque
1082 2324 1255 2400 duris
1290 2348 1364 2397 ac
1382 2319 1727 2424 pellucidis
1746 2319 2135 2422 corporibus
2154 2379 2175 2414 ,
2205 2325 2431 2424 calesti
2445 2339 2711 2405 materia
2724 2333 2958 2435 plenos
2996 2390 3020 2425 ,

606 2453 726 2531 per
739 2451 910 2528 quos
926 2455 964 2499 a
984 2425 1156 2500 stella
1176 2425 1258 2499 ad
1280 2421 1573 2509 oculum,
1595 2417 1909 2520 nusquam
1928 2427 2286 2528 interrupta
2308 2432 2595 2520 afflone,
2613 2434 2839 2507 lumen
2851 2463 3020 2537 pro-

604 2551 899 2631 pagetur.
940 2533 1112 2630 Qae
1132 2532 1357 2600 omnia
1374 2523 1847 2597 confirmantur
1862 2521 1981 2595 illo
1999 2522 2557 2628 Philosophorum
2574 2529 2776 2607 effato
2792 2562 2812 2606 ε
2835 2560 3021 2629 qum-

602 2632 886 2723 docunque
893 2650 1064 2724 agens
1073 2632 1223 2701 circa
1229 2630 1451 2723 patiens
1458 2641 1731 2696 remotum
1746 2641 2052 2716 operatur,
2084 2627 2350 2723 ne‘ceffum
2364 2627 2440 2729 eft
2453 2650 2518 2702 m
2532 2633 2866 2728 idemfimul
2878 2654 3020 2730 agat

604 2731 665 2799 in
685 2748 868 2801 totum
880 2722 1981 2823 mediumineerjeaum.801ummodo
2002 2724 2395 2815 cavendum,
2410 2756 2493 2803 ne
2508 2755 2813 2832 putemus
2825 2734 3018 2823 illud,
3129 2800 3148 2805 -

604 2827 987 2920 transmittere
1008 2830 1194 2899 lunoen
1212 2824 1513 2921 velfonum
1528 2877 1551 2907 ‚
1588 2812 1712 2894 'effe
1729 2822 1944 2895 minus
1967 2826 2205 2897 realem
2226 2831 2474 2915 aestum,
2495 2831 2694 2930 quam
2714 2840 3018 2913 emittere

605 2922 712 2996 vel
725 2927 1049 2994 remittere
1070 2952 1089 3006 3
1130 2946 1244 2994 aut
1260 2919 1439 3020 poss'e
1460 2925 1723 3089 reperiri
1751 2918 2075 3015 ejusmodi
2098 2923 2578 3008 transmiffionis
2600 2940 2671 3008 &
2688 2942 3019 3009 continuae

603 3025 1096 3123 propagationis
1115 3025 1341 3096 adium
1354 3021 1428 3091 in
1449 3016 1513 3092 su
1551 3024 1742 3113 jetsto
1761 3047 1900 3095 non
1918 3049 2079 3097 vero
2097 3034 2162 3098 δε
2183 3029 2365 3104 reali.

1327 3216 1413 3299 D
1473 3247 1507 3301 1
1563 3241 1600 3300 s
1658 3247 1730 3301 Ρ.
1843 3219 2330 3309 XXVIII.

800 3365 1019 3435 Luna
1035 3374 1276 3466 corpus
1292 3350 1427 3463 effi
1443 3377 1755 3470 opacam.
1822 3362 1997 3435 Tria
2029 3360 2351 3442 mundi
2365 3362 2674 3473 vtjlt‘btlie
2690 3368 2824 3449 ele-

952 3476 955 3479 ’
1053 3488 1301 3549 menta
1339 3465 1607 3550 temer}
1622 3469 1676 3549 ὸ
1698 3474 1862 3551 Viro
1879 3467 2077 3549 docto
2098 3477 2540 3591 impugnata.

616 3630 676 3679 1.
705 3609 1112 3779 SEquitut
1146 3616 1409 3687 tertium
1420 3637 1641 3785 1genus
1676 3636 2035 3712 corporum
2055 3664 2077 3697 ,
2121 3616 2556 3714 quodlumen
2570 3650 2712 3699 non
2729 3632 2971 3706 emittit
2993 3681 3020 3716 ,

834 3732 958 3782 nec
974 3705 1345 3788 tranfinittit
1363 3740 1387 3797 ·,
1446 3709 1532 3786 ed
1550 3713 1845 3787 remittit.
1939 3724 1942 3727 “
1965 3732 1968 3735 ’

699 3831 767 3894 ²·
814 3805 1219 3900 Hujufinodi
1255 3820 1491 3911 corpus
1522 3809 1719 3889 radiis
1750 3817 2004 3888 invium
2043 3815 2459 3921 Philosophi:
2476 3824 2836 3923 appellatur
2858 3837 3022 3916 Opa-

597 3927 731 3982 mn
746 3959 774 3998 ,
808 3906 997 4012 quod
1011 3916 1366 4016 Perspicuo
1378 3908 1489 3988 seu
1507 3909 1843 4017 diaphano
1863 3959 1887 3994 2
1908 3911 1986 3989 id
1996 3915 2126 3997 est,
2148 3917 2344 3996 radiis
2350 3926 2580 4021 pervio
2595 3925 2864 4024 corpori
2885 3946 3022 4021 ops-

2733 4045 3020 4126 ponunt,
