3391 4418
919 137 2133 230 CoNTaAcTA.
2649 183 2740 257 39

414 283 443 350 5
471 279 583 346 ¹4·
634 248 1234 351 Qmadmodun1
1261 254 1420 325 veto
1443 257 1740 327 incitatio
1777 250 1890 325 illa
1911 251 2147 355 lapidis
2169 259 2240 335 in
2260 250 2467 329 fiinda
2490 257 2596 334 vel
2623 261 2743 338 ba-

307 357 442 433 culi
464 350 773 454 impulsus
793 345 1030 425 tensum
1050 355 1261 425 taetus
1283 350 1486 428 afficit
1502 408 1525 441 ,
1544 354 1720 431 κήπὶ
1737 349 2185 433 ctaffifflafint
2201 381 2279 428 ae
2301 357 2466 433 duta
2487 385 2737 466 corpo-

296 481 379 549 ¹ta
394 509 417 545 ,
443 452 624 525 sicuti
638 447 842 522 sensus
860 449 993 552 ipse
1011 448 1243 527 ctasshs
1269 483 1288 527 t

304 652 361 731 fi
378 557 726 730 gaf-{32
745 549 2426 753 iffbsffssfizzzffmssffldmmhzw
2458 560 2727 740 3:³21:

301 755 600 850 subjesto
620 758 957 826 materiam
974 752 1216 830 habeat
1236 809 1258 843 ‚
1295 780 1434 831 non
1466 759 1582 835 m'fi
1600 755 1836 861 vistim,
1871 756 2162 835 sensuum
2181 766 2480 837 omnium
2517 691 2720 841 subti-

300 851 913 941 lissimum‚afficete
933 862 1197 955 poterit.
1279 880 1286 890 ·
2553 863 2560 873 ’

310 968 313 973 ’
402 968 540 1054 516.
603 958 756 1028 Nec
790 952 942 1028 alias
970 981 1199 1055 praetet
1234 955 1440 1033 visum
1477 954 1683 1034 sensus
1701 958 1740 1032 a
1763 956 2129 1033 caelestibus
2141 982 2256 1032 aut
2266 960 2451 1061 ptius
2470 981 2583 1034 aut
2608 959 2717 1039 st.

295 1061 441 1157 pius
462 1061 716 1130 moveri
737 1053 1270 1154 deprehenditur.

362 1253 367 1257 ῃ
398 1183 561 1253 5¹7·
615 1160 938 1230 Movetut
982 1162 1161 1227 enim
1198 1154 1497 1253 quotidie
1523 1210 1545 1242 ,
1598 1180 1725 1228 nee
1760 1154 1947 1231 aliter
1974 1157 2178 1259 quim
2210 1155 2475 1234 luminis
2505 1155 2717 1261 lutet-3

291 1281 518 1330 ventu.
992 1302 997 1307 -

411 1383 439 1447 5
463 1380 490 1421 1
503 1357 570 1422 8.
623 1352 874 1420 Luminis
903 1355 1192 1443 primaria
1212 1350 1585 1444 proprietates
1605 1398 1628 1433 ,
1651 1373 1733 1419 ex
1749 1348 1987 1445 quibus
2008 1350 2390 1449 dependent
2409 1354 2716 1453 teliqu'ae,

182 1530 189 1537 ,
297 1451 443 1524 sunt
474 1449 600 1520 istae
626 1470 795 1517 tres:
1030 1480 1043 1499 τ

375 1578 385 1588 ·
411 1574 442 1640 5
470 1574 493 1616 ι
508 1573 574 1636 9.
634 1541 852 1639 Qod
897 1569 926 1612 1
942 1590 962 1612 .
993 1536 1174 1612 asole
1192 1547 1261 1612 in
1283 1566 1515 1616 omnes
1528 1564 1756 1644 partes
1772 1544 2103 1643 aequalitet
2120 1544 2533 1624 diffunditur.
2633 1590 2640 1599 ·

409 1670 444 1738 5
461 1670 576 1717 20.
630 1641 840 1739 Qd
873 1669 943 1720 2.
971 1644 1254 1715 minimo
1277 1650 1595 1745 temporis
1610 1646 2064 1747 momentoad
2087 1646 2454 1747 quamlibet
2477 1648 2723 1725 distan-

302 1749 467 1819 tiam
491 1745 875 1817 extenditur.
2113 1804 2114 1807 ,

395 1872 433 1946 5
450 1873 488 1918 2
506 1868 532 1920 1
547 1896 567 1916 .
617 1834 699 1916 Et
713 1839 984 1941 quidem
1014 1834 1448 1933 3.stcundum
1464 1842 1669 1921 lineas
1688 1846 1898 1920 tectas
1914 1897 1938 1935 ‚
1971 1872 2118 1946 quae
2144 1849 2301 1920 radii
2336 1870 2725 1946 nuncupan-

287 1971 418 2022 tur.
1200 1980 1207 1987 ’

388 2074 424 2142 5
443 2072 561 2120 22.
613 2050 786 2145 Qae
810 2067 1047 2116 omnes
1081 2044 1236 2118 cum
1272 2067 1412 2117 non
1454 2041 1572 2116 nifi
1590 2069 1716 2146 pet
1730 2065 2046 2117 conatum
2080 2043 2270 2118 illum
2295 2038 2654 2116 recedendi
2678 2067 2720 2115 a

281 2169 516 2220 centro
535 2141 640 2218 seu
661 2148 983 2239 pressionem
986 2146 1347 2241 globulorum
1371 2143 1663 2240 calessium
1694 2141 2090 2248 intelligibili
2117 2150 2376 2217 ratione
2409 2140 2718 2243 explicari

256 2245 534 2349 Vpoffint
561 2298 585 2332 ,
638 2237 934 2317 Luminis
958 2269 1078 2346 pet
1111 2268 1332 2318 totum
1362 2240 1751 2323 universum
1782 2251 2336 2348 propagationem
2366 2248 2438 2318 in
2464 2268 2547 2316 ea
2585 2238 2725 2314 sola

289 2343 633 2420 consistere
654 2343 812 2414 nulli
827 2342 1229 2418 dubitamus-

398 2473 432 2537 5
451 2471 485 2516 2
504 2470 565 2535 3.
609 2445 718 2512 Sic
743 2445 1012 2514 minime
1043 2470 1211 2542 opus
1241 2441 1325 2515 ad
1363 2443 1625 2517 luminis
1657 2467 1960 2522 naturam
2001 2441 2588 2520 demonstrandam
2613 2441 2722 2517 vel

294 2548 583 2616 materia:
597 2537 865 2642 alicujus
880 2543 917 2612 a
933 2538 1063 2611 sole
1078 2541 1604 2639 effluxumatque
1619 2542 1778 2616 inde
1795 2544 1884 2616 ad
1902 2568 2030 2615 nos
2049 2543 2427 2619 descensum
2447 2546 2724 2641 excogi-

296 2668 472 2728 tate,
503 2643 749 2738 quippe
781 2643 893 2735 qui
925 2637 1279 2714 universalis
1323 2648 1393 2709 δε
1424 2662 1813 2737 perpetuus,
1850 2665 2356 2715 momentaneus
2375 2651 2449 2714 δε
2477 2641 2718 2713 restili-

292 2768 453 2817 neus
469 2738 595 2812 elle
611 2764 750 2826 non
763 2736 976 2838 posset
994 2769 1014 2823 3
1058 2738 1162 2810 vel
1177 2735 1356 2810 aliud
1371 2735 1628 2834 quidvis
1648 2735 2082 2812 comminisci.

447 2868 564 2933 24.
617 2842 702 2911 Et
722 2861 912 2940 patet
932 2839 968 2911 ὲ
987 2836 1224 2923 distis„
1266 2834 1622 2935 quomodo
1656 2835 1884 2916 lumen
1913 2862 2055 2912 non
2089 2835 2305 2914 modo
2341 2861 2466 2938 per
2488 2857 2712 2912 totum

297 2868 536 3015 eoelum
558 2991 579 3022 ‚
619 2939 851 3012 vetum
870 2943 1073 3011 etiam
1090 2959 1461 3037 pei-aquam
1477 2989 1501 3023 ,
1536 2935 1815 3037 glaciem
1835 2988 1857 3022 ‚
1895 2944 2138 3013 vitrum
2161 2946 2234 3014 δε
2249 2936 2373 3009 alia
2388 2963 2672 3039 corpora
2687 2991 2714 3027 ,

290 3066 576 3141 quotum
608 3043 757 3140 pori
776 3035 910 3110 fine
940 3041 1418 3137 interruptione
1438 3042 1602 3111 teeti
1619 3038 1660 3109 d
1682 3034 1975 3137 globulis
1987 3036 2360 3112 coelestibus
2376 3061 2713 3133 occupan-

289 3167 397 3215 tur
417 3195 440 3228 ,
471 3139 602 3213 fine
626 3164 815 3211 mora
845 3149 916 3214 δε
946 3134 1303 3210 offenfione
1334 3141 1521 3209 omni
1553 3134 1980 3211 diffundatur.
2031 3141 2219 3209 Hinc
2253 3133 2713 3235 spongia‘licet

286 3239 674 3340 millecuplo
692 3238 956 3325 latiores
969 3265 1173 3340 potos
1187 3235 1432 3310 habeat
1443 3237 1647 3337 quam
1665 3241 1908 3315 vitrum
1923 3280 1946 3316 ›
1969 3233 2301 3336 pellucida
2320 3254 2548 3307 tamen
2566 3259 2711 3308 non

286 3343 404 3415 est.

392 3464 561 3538 525.
607 3442 823 3539 Atque
838 3465 916 3512 ea
935 3492 957 3526 ‚
989 3464 1131 3538 quae
1159 3436 1466 3518 diximus,
1515 3436 1747 3509 omnia
1771 3436 1868 3506 ita
1899 3436 1967 3504 in
2002 3431 2179 3507 coelo
2226 3429 2286 3506 se
2316 3432 2560 3505 habete
2591 3457 2711 3503 co-

285 3538 693 3643 gnoscimus,
729 3540 890 3613 dum
910 3541 1015 3615 vel
1034 3535 1243 3611 solum
1263 3536 1539 3610 eoelestis
1552 3538 1838 3608 matetiae
1855 3535 1892 3606 3
1908 3531 2137 3607 medio
2157 3531 2513 3608 recedendi
2532 3551 2710 3604 cona·

281 3665 413 3714 tum
444 3638 869 3714 attendimus.

395 3766 426 3835 5
446 3749 555 3815 26.
603 3741 794 3814 Num
808 3740 964 3815 verb
987 3758 1261 3812 conatus
1280 3734 1384 3808 ille
1397 3734 1648 3831 effeaum
1663 3730 1847 3807 suum
1860 3732 2122 3805 incoelo
2139 3727 2399 3810 sortitus
2419 3752 2712 3829 unquam

279 3835 478 3913 fuerit
492 3841 625 3936 (uti
639 3867 793 3917 eum
813 3839 1071 3918 sortitur
1082 3843 1151 3912 in
1164 3835 1379 3938 lapide
1397 3859 1473 3914 ex
1490 3831 1697 3917 funda
1708 3831 2112 3937 egrediente,
2134 3839 2202 3918 β.
2215 3847 2333 3910 161
2349 3845 2400 3924 .)
2431 3843 2716 3930 quaerete

277 3939 464 4014 licet.

2199 4029 2206 4036 ’
2317 4045 2484 4127 527.
2512 4018 2716 4115 Resp-
