3391 4418
1076 154 2210 260 comoneat-102
2667 187 2881 267 ¹407

400 279 591 354 fdam
627 275 939 373 adjunaa
970 272 1091 344 est:
1120 267 1396 368 perinde
1428 292 1503 343 ur
1517 274 1586 342 in
1606 288 1747 342 tota
1769 268 2031 364 Physica
2062 269 2293 346 localis
2311 267 2538 346 monis
2553 274 2857 348 constan-

424 385 518 452 tia
568 374 1004 476 multiplicem
1056 372 1483 443 variationem
1528 375 1857 470 perpetuo
1894 378 2212 467 comitem
2241 368 2467 444 habet.
2528 372 2650 448 Ph.
2686 383 2849 468 148.

448 504 548 648 qq
575 604 640 674 5.
687 578 782 645 Ita
805 580 917 671 qui
939 596 1107 677 aeger
1136 568 1564 672 pharmacum
1596 568 1873 671 aliquod
1896 597 2126 675 magna
2146 596 2298 646 curn
2325 568 2652 645 aversione
2677 572 2840 648 hau-

410 677 532 762 fit,
567 675 953 844 non‘potest
979 680 1290 843 deincezs
1324 675 1668 771 quippiam
1705 670 1992 768 ejusdem
2021 671 2158 746 fere
2195 669 2439 773 saporis
2474 669 2785 745 affumete
2806 727 2831 760 ,

408 780 571 875 quin
602 799 708 845 rur
734 801 805 849 us
826 772 1106 869 eandem
1143 771 1228 842 ha
1280 795 1384 842 eat
1416 771 1845 844 aversionem.
1899 775 2048 845 Nec
2082 770 2369 861 similiter
2389 771 2472 844 de
2494 773 2827 845 averfione

409 875 634 947 haberi
667 872 854 946 solita
879 880 1052 944 circa
1077 870 1425 974 pharmaca
1453 875 1743 973 cogitare
1774 877 2033 972 potest,
2070 879 2229 972 quin
2263 871 2443 944 idem
2483 866 2670 973 sapor
2703 870 2822 974 ipfi

373 968 473 1047 'in
495 995 790 1047 mentem
813 971 1062 1046 redeat.

372 1069 382 1081 ’
507 1086 625 1147 16.
675 1072 1040 1144 Plurimum
1072 1074 1291 1172 itaque
1322 1069 1557 1158 refert,
1600 1100 1802 1171 quam
1825 1080 2022 1149 animi
2040 1079 2513 1174 cogitationem
2539 1076 2645 1144 cui
2668 1099 2819 1145 mo-

367 1182 376 1187 ’
398 1181 497 1249 tui
518 1198 849 1272 corporeo
867 1170 1080 1273 primi
1104 1178 1243 1245 vice
1274 1182 1654 1273 conjungas.
1711 1175 1818 1247 Ab
1840 1175 1947 1245 illa
1968 1178 2142 1244 enim
2162 1172 2373 1272 prima
2394 1176 2815 1267 conjunclio-

395 1300 480 1345 ne
499 1322 524 1356 ,
554 1268 899 1372 praesertim
926 1268 971 1342 fi
991 1273 1168 1342 aetio
1186 1270 1512 1343 efficacior
1531 1269 1727 1343 fuerit
1750 1323 1771 1357 ,
1801 1273 2130 1373 singularis
2151 1297 2303 1343 cum
2336 1273 2687 1371 voluptatis
2711 1270 2813 1344 vel

396 1369 648 1443 doloris
669 1368 846 1443 sensu
871 1367 1174 1471 copulata
1188 1417 1210 1453 ‚
1248 1371 1545 1473 pendent
1565 1368 1817 1466 reliqua
1836 1374 2099 1441 omnia:
2752 1436 2759 1442 .

367 1481 384 1490 ⁷
499 1495 610 1573 17.
658 1467 803 1542 Nifi
835 1471 965 1553 alio
999 1494 1299 1569 ternpore
1333 1473 1688 1540 contrarius
1721 1468 1976 1569 habitus
1996 1472 2097 1542 vel
2116 1475 2301 1543 astus
2321 1466 2606 1545 efficacia
2629 1468 2813 1570 supe-

391 1588 538 1640 rans
569 1567 1048 1670 praecedentem
1075 1594 1186 1642 aut
1217 1565 1630 1642 consuetudo
1661 1565 2026 1640 diuturnior
2044 1576 2478 1643 mutationem
2497 1568 2763 1643 inducat
2784 1622 2806 1653 ,

387 1669 957 1765 quemadmodum
986 1668 1371 1753 docuimus:
1408 1676 1479 1740 &
1497 1668 1801 1767 exemplo
1824 1666 2029 1765 liquet
2044 1665 2403 1741 hominum
2422 1724 2456 1755 ,A
2475 1674 2585 1769 qui
2605 1667 2801 1740 semel

365 1765 694 1843 'ablactati
732 1794 883 1855 toto
916 1770 1224 1870 deinceps
1260 1775 1408 1841 vitae
1445 1791 1742 1867 ternpore
1763 1766 1863 1839 lac
1882 1766 2199 1840 muliebre
2221 1768 2587 1843 aversantur
2611 1821 2632 1855 ,
2661 1793 2801 1865 quo

295 1940 298 1945 .
361 1864 575 1942 'initio
607 1876 752 1944 vitae
767 1869 1125 1970 plurimum
1149 1868 1454 1941 delectati
1478 1863 1681 1940 fuere.

486 1997 511 2043 1
527 1971 592 2045 8.
644 1968 1025 2070 Qomodo
1054 1994 1272 2043 autem
1293 1993 1368 2039 ex
1384 1966 1555 2040 hisce
1571 1971 1899 2067 principiis
1924 1966 2200 2041 occultae
2218 1974 2286 2041 in
2312 1974 2607 2043 Homine
2683 1996 2797 2042 ua.-

375 2065 584 2144 litates
616 2095 691 2142 ex
738 2071 1054 2157 licentur,
1089 2069 1160 2142 id
1180 2093 1402 2174 repete
1421 2096 1498 2141 ex
1525 2066 1777 2142 Theor.
1796 2072 1949 2141 Viv.
1971 2095 2117 2168 cap.
2135 2068 2255 2143 ult.
2304 2073 2454 2144 Nos
2473 2096 2549 2145 ex
2566 2077 2613 2141 ii
2642 2074 2790 2143 dem

371 2171 667 2339 proxime
709 2177 988 2246 ecuturis
1006 2169 1267 2245 duobus
1284 2166 1607 2269 capitibus
1627 2167 1974 2244 nonnullas
1991 2170 2262 2245 illustres
2284 2172 2671 2270 quaestiones
2688 2197 2793 2244 re-

397 2270 716 2344 olvemus.

479 2394 508 2437 1
522 2392 592 2454 9.
640 2374 715 2437 In
731 2372 843 2447 iis,
865 2392 1007 2465 quae
1026 2365 1239 2440 modo
1260 2364 1536 2439 diximus
1551 2410 1574 2442 2
1593 2366 2076 2459 conjunstionis
2093 2367 2284 2464 hujus
2295 2381 2652 2474 proprietas
2675 2372 2793 2442 de-

359 2468 545 2534 ‘cima
581 2461 748 2535 sexta
788 2468 1201 2552 continetur,
1233 2463 1423 2564 quod
1459 2470 1688 2536 animae
1721 2475 1789 2538 δε
1830 2473 2132 2566 corporis
2169 2466 2542 2544 mustiones
2564 2522 2587 2553 ,
2631 2470 2785 2544 cum

370 2587 512 2634 non
531 2562 774 2666 posfint
788 2561 976 2635 fimul
996 2573 1068 2637 δε
1090 2564 1284 2637 semel
1305 2588 1535 2635 omnes
1553 2569 1862 2636 'connecti
1880 2618 1901 2647 ,
1919 2568 2057 2635 alia:
2078 2566 2286 2634 statim
2304 2566 2388 2635 ab
2407 2572 2598 2637 initio
2614 2573 2786 2650 vitat,
2882 2609 2886 2617 -

366 2659 439 2734 id
461 2663 586 2745 est,
625 2687 742 2762 per
762 2687 1057 2735 naturam
1073 2714 1093 2743 ,
1120 2663 1261 2737 aliae
1285 2685 1504 2734 autem
1532 2660 1844 2759 deinceps
1857 2687 1978 2759 per
2005 2659 2302 2734 habiturn
2334 2672 2403 2735 δε
2421 2661 2605 2736 usum
2621 2683 2786 2733 con-

353 2762 389 2861 ‘j
566 2785 752 2834 ntur:
783 2761 957 2835 adeo
975 2787 1050 2836 ut
1065 2787 1221 2835 com
1271 2759 1509 2835 ofitum
1525 2759 1688 2831 illud
1709 2813 1732 2845 ,
1761 2757 1945 2858 quod
1964 2763 2333 2830 Hominem
2349 2757 2778 2862 appellamus,

359 2787 608 2938 :strigile
642 2858 820 2964 quasi
850 2861 968 2935 fiat
999 2869 1073 2936 &
1102 2887 1184 2935 na
1210 2887 1394 2935 catur
1426 2914 1447 2949 ,
1484 2857 2063 2960 quemadmodum
2104 2851 2440 2949 cujussibet
2472 2861 2778 2933 creaturae

364 2960 769 3037 conservatio
787 2960 946 3035 nihil
962 2962 1142 3036 aliud
1161 2965 1252 3036 est
1268 2960 1464 3064 quim
1485 2966 1861 3053 continuata
1883 2964 2153 3032 creatio.
2352 2970 2375 2992 ⁴

385 3065 390 3072 ’
461 3089 579 3139 20·
633 3066 716 3135 Et
739 3068 1106 3166 proprietas
1142 3062 1400 3136 decima
1432 3060 1739 3163 septima,
1779 3059 1963 3159 quod
2000 3061 2387 3156 conjunffio
2425 3061 2631 3155 usualia
2650 3058 2684 3142 ,'
2703 3082 2775 3132 ut

359 3167 454 3237 ita
482 3163 758 3262 loquar,
791 3167 1119 3258 originalem
1139 3221 1157 3248 ,
1198 3163 1353 3236 licet
1387 3188 1464 3233 ea
1499 3160 1593 3233 ob
1626 3165 1944 3261 temporis
1969 3164 2377 3261 prioritatem
2404 3159 2652 3231 firmius
2671 3183 2774 3231 ra-

358 3261 573 3335 dicata
591 3262 923 3349 videatur,
937 3263 1194 3336 'tollere
1213 3262 1417 3364 possit
1436 3285 1630 3359 atque
1648 3265 1994 3332 immutare
2013 3289 2031 3333 ε
2061 3255 2221 3331 haut
2238 3256 2411 3332 stcus
2427 3284 2621 3359 atque
2646 3286 2768 3331 vo-

359 3388 510 3436 cum
537 3360 922 3465 fignificatio
956 3370 1168 3464 prima
1188 3373 1260 3436 &
1281 3363 1616 3461 originalis
1635 3356 1791 3460 saepe
1814 3359 2075 3432 alterius
2096 3355 2425 3452 cujusdam
2445 3358 2769 3458 fignifica-

353 3467 553 3535 tionis
592 3460 702 3536 usu
742 3473 815 3538 δε
848 3461 1320 3537 consuetudine
1359 3460 1766 3535 obliteratur.
1839 3462 2254 3558 Qamrcm
2291 3463 2473 3557 attigi
2509 3462 2765 3558 Logicae

343 3581 518 3636 ‘meae
536 3587 701 3662 part.
723 3563 1026 3663 3.quaest.
1049 3589 1160 3658 27.
1218 3647 1235 3664 .
2014 3555 2031 3565 ‘
2457 3588 2471 3599 ·
2742 3624 2750 3636 .

419 3671 555 3735 '21.
603 3660 805 3744 Adde
851 3669 1318 3762 proprietatem
1365 3660 1687 3754 decimam
1721 3662 2064 3733 octavam,
2094 3680 2234 3727 non
2264 3652 2388 3726 esse
2416 3661 2483 3727 in
2507 3660 2759 3732 cunffis

345 3759 735 3835 hominibus
772 3759 1007 3836 eadem
1042 3815 1063 3847 ,
1098 3775 1243 3858 q'uae
1273 3788 1390 3860 per
1416 3781 1711 3833 naturam
1743 3758 1845 3832 vel
1875 3754 2172 3827 habitum
2202 3778 2312 3825 aut
2344 3752 2759 3842 consuetudi-

347 3885 502 3936 nem
523 3872 1033 3965 conjunguntur.
1081 3858 1280 3936 Unde
1304 3861 1617 3947 occultae,
1660 3883 1821 3955 quas
1835 3856 2150 3941 diximuS,
2187 3856 2564 3954 qualitates,
2587 3855 2759 3940 aliae?

351 3987 482 4064 que
502 3962 972 4055 individualem
989 3986 1162 4062 ‚quas
1178 3985 1421 4039 vocant
1434 4017 1459 4054 ,
1479 3961 1826 4131 h⁶mi¹²⁰¹1¹=¹
1826 3952 2228 4129 ¹gifiii'creruaavss
2233 3955 2529 4064 pendent
2551 3983 2569 4027 2
2598 3974 2758 4114 qtttgs
