3391 4418
851 103 1709 214 νΡΗΥΒῙΟΛ
1825 107 2307 209 XXVIII.
2601 163 2827 239 -229

388 311 443 391 b
464 263 473 272 ’
492 248 601 338 ³⁴³·
648 221 992 392 ”la
998 215 1390 390 ²21¹ssssssss
1392 220 1645 395 ἕέῗ
1666 225 1811 395 ’ἶῖί
1824 226 2645 420 ffilzssazzzssfffla
2668 260 2827 350 ‘³⁰³²

390 344 657 515 tutgsstta)
678 416 903 504 omifi,
925 416 1088 490 nolo
1104 425 1297 489 etiam
1316 426 1386 490 in
1403 348 1702 521 praeseagi
1719 423 1925 497 multa
1940 356 2023 502 cle
2042 435 2121 514 iis
2136 434 2332 510 verba
2351 366 2604 518 lgtlcuearg.¹
2629 377 2824 527 {fig

384 520 664 618 quidem
708 517 997 622 Phylices
1028 523 1410 593 Contraekae
1431 522 1712 597 articulo
1734 527 1784 598 6
1796 551 1818 595 ι
1835 552 1878 595 0
1896 580 1918 613 ,
1956 541 2154 627 quem
2173 535 2408 640 inspice
2427 587 2454 620 ,
2478 541 2810 644 sequentia

379 617 820 717 subjeeissem:
870 622 1101 736 Atque·
1117 624 1209 690 ita
1233 620 1627 737 transeuntes
1643 649 1766 723 per
1781 621 1979 744 spatia
1995 635 2163 706 inter
2178 636 2491 737 globulos
2513 654 2803 751 triangu-

373 721 572 807 laria,
603 721 1050 820 triangularem
1080 737 1150 790 ιη’
1184 719 1523 794 latitudine
1562 734 1635 796 &c
1661 726 2113 825 profunditate
2133 733 2409 836 figuram
2431 746 2718 823 induunt
2738 754 2803 830 §-

376 823 464 897 28
478 830 538 894 8.
596 824 674 892 Et
703 844 1024 936 quantum
1042 818 1132 890 ad
1163 817 1644 940 longitudinem
1663 868 1688 902 2
1724 849 2041 997 tanquam
2061 840 2301 935 exiguae
2313 841 2632 964 columnae
2644 848 2797 950 poll

366 918 525 993 sunt
542 943 806 1020 concipi
846 920 909 1016 §.
928 941 1014 1010 4¹
1034 941 1106 1012 ς.
1154 923 1235 990 Et
1260 947 1584 1017 quoniam
1606 963 1632 1000 2
1671 924 1830 1002 dum
1900 955 1952 1001 ε
1968 930 2296 1012 columnae
2316 941 2533 1041 apohs
2550 947 2630 1017 ad
2650 975 2796 1023 me-

366 1018 548 1092 dium
570 1019 734 1092 Caeli
749 1023 930 1089 reeta
943 1016 1223 1089 tendunt
1239 1028 1512 1119 proprio
1530 1046 1721 1096 motu
1737 1077 1762 1111 ,
1797 1029 2173 1106 circularem
2188 1062 2459 1137 quoque
2474 1042 2788 1143 globulo·-

362 1146 509 1192 rum
543 1123 716 1190 eirca
749 1115 946 1218 polos
981 1139 1240 1189 motum
1272 1126 1661 1219 participant
1704 1125 1765 1199 §-
1788 1129 1874 1220 58
1889 1133 2293 1221 5.neceffi1m
2330 1140 2458 1224 est,
2490 1164 2562 1214 ut
2584 1144 2786 1224 tribus

358 1220 519 1291 striis
551 1224 620 1288 in
660 1214 943 1287 modum
964 1215 1385 1290 cochlearum
1402 1218 1658 1291 intortis
1682 1246 2091 1302 excaventur.
2142 1235 2345 1308 Unde
2346 1235 2561 1331 striata
2583 1254 2786 1343 parti.

348 1313 519 1389 cula’ss
532 1316 667 1385 dici
686 1312 962 1414 poffunt.
1026 1319 1343 1413 Cumque
1366 1316 1573 1390 versus
1597 1319 1889 1392 medium
1915 1327 2048 1395 eaeli
2068 1337 2327 1407 veniant
2347 1362 2421 1409 ex
2430 1340 2604 1437 polis
2623 1368 2786 1419 con-

362 1419 597 1491 trariis,
615 1412 775 1485 dum
790 1436 1020 1487 vortex
1036 1437 1217 1487 totus
1239 1438 1389 1486 cum
1403 1414 1550 1516 ipfis
1564 1421 1631 1484 in
1648 1414 1903 1498 easdem
1917 1447 2130 1518 partes
2144 1442 2566 1526 convertitur3
2584 1447 2784 1520 etiam

359 1520 695 1585 contrario
732 1513 942 1587 modo
972 1519 1438 1611 intorquentur
1455 1568 1479 1601 ,
1509 1515 1683 1587 adeo
1721 1538 1795 1588 ut
1823 1521 2078 1620 regredi
2097 1551 2235 1601 non
2253 1536 2496 1632 poffint
2508 1567 2630 1641 per
2649 1542 2784 1617 eas-‘-

359 1612 523 1685 dem
556 1620 687 1684 vias
709 1667 730 1698 ,
772 1639 889 1714 per
923 1639 1085 1713 quas
1111 1614 1417 1714 ingressie.
1473 1618 1743 1716 Nempe
1766 1641 1836 1691 ut
1864 1619 2155 1701 cochleae
2176 1629 2306 1715 alio
2335 1638 2779 1722 modointor-

353 1737 642 1813 quentur
674 1712 832 1786 dum
853 1721 1227 1815 aperiuntur
1246 1763 1267 1795 ‚
1295 1714 1422 1786 alio
1446 1716 1602 1789 dum
1627 1716 2032 1796 clauduntur.
2082 1730 2165 1799 Et
2188 1727 2373 1807 funes
2390 1741 2778 1843 intorquen-

351 1839 458 1887 tur
485 1813 669 1886 aliter
694 1813 854 1886 dum
872 1825 1367 1912 componuntur
1383 1870 1402 1897 .
1446 1816 1633 1889 aliter
1647 1819 1801 1889 dun
1823 1823 2532 1912 iterumdissblvuntur.
2581 1847 2776 1917 Con-

343 1912 445 1986 fer
462 1935 524 2000 ς.
547 1923 701 1988 126.
749 1918 890 1990 Has
913 1914 1265 2019 particulas
1298 1912 1621 2020 oblongas
1653 1926 1725 1992 &
1757 1920 2000 1999 striatas
2018 1978 2041 2013 ,
2078 1934 2392 2029 quamdiu
2414 1941 2586 2014 inter
2618 1942 2772 2046 glo-

345 2012 542 2088 bulos
564 2024 699 2090 &c.
1678 2023 1681 2026 ’

402 2141 405 2144 ·
442 2142 548 2211 3¹·
598 2123 850 2192 Verum
883 2124 1062 2193 enirn
1099 2118 1257 2190 vero
1279 2115 1416 2191 haec
1435 2118 1520 2192 de
1537 2125 1871 2222 particulis
1894 2129 2155 2218 striatis‚
2194 2140 2760 2233 quemadmodum

338 2223 409 2288 δε
437 2214 758 2312 superiora
790 2219 1103 2292 nonnulla
1141 2217 1264 2289 hac
1288 2218 1721 2319 disputatione
1746 2232 1811 2297 in
1831 2229 2128 2302 medium
2141 2235 2396 2333 prolata
2415 2294 2446 2327 r
2478 2243 2592 2316 nisi
2613 2248 2758 2320 eol-

339 2310 469 2382 lata
480 2312 741 2402 Physica
765 2316 1166 2397 Contrastss,
1192 2317 1407 2417 probe
1424 2319 1695 2421 intelligi
1712 2349 1850 2395 non
1866 2328 2153 2424 possunt.
2203 2335 2353 2407 Nec
2371 2360 2498 2439 ego
2513 2342 2759 2416 abani-

338 2435 458 2480 mo
488 2435 641 2480 meo
672 2413 803 2501 jam
826 2422 1173 2512 impetrare
1206 2414 1457 2511 possum
1476 2473 1496 2500 ,
1534 2442 1606 2490 ut
1656 2428 1819 2494 iniis
1837 2447 1984 2518 quae
2003 2433 2436 2531 citato'cap.4
2460 2438 2753 2515 &Voffio

336 2531 475 2580 tam
509 2533 752 2579 temere
782 2517 1105 2607 jactantur
1129 2511 1406 2585 vocibus
1432 2516 1688 2612 plenius
1711 2518 2082 2594 refellendis
2119 2524 2316 2598 ullam
2339 2530 2747 2630 diligentiam

328 2607 737 2709 impendam.
797 2613 1097 2679 Artexam
1126 2609 1430 2707 quaedam
1467 2611 1779 2687 duntaxat
1808 2617 1892 2686 ad
1908 2617 2230 2691 Elementi
2258 2624 2751 2724 triplicis-mate-

327 2716 492 2781 riam
513 2708 778 2781 ulterius
795 2706 1256 2781 declarandam
1277 2709 1644 2782 corollaria.

428 2836 459 2906 3
482 2836 546 2881 ι.
600 2813 783 2882 Sicut
810 2813 878 2879 in
906 2834 1144 2910 genere
1170 2812 1498 2883 Mentium
1533 2808 1727 2883 datur
1743 2838 1889 2912 quae
1904 2819 2299 2896 omnimode
2320 2823 2611 2902 infinita:
2644 2832 2739 2906 ita

317 2914 390 2981 in
406 2935 644 3011 genere
668 2912 1058 3011 Corporum
1075 2908 1267 2983 datur
1284 2909 1470 3006 quod
1487 2908 1794 2987 omnibus
1811 2916 2033 2991 modis
2049 2912 2218 2992 finiri
2234 2926 2486 3022 potest.-

428 3035 529 3106 33.
576 3012 838 3083 Omnes
858 3006 1297 3109 pei-festiones
1315 3017 1758 3087 interminatas
1777 3013 1979 3092 habet
2000 3025 2184 3094 Deus
2203 3050 2230 3095 ε.
2258 3036 2734 3103 omnestermi-

316 3114 620 3182 nationes
638 3110 864 3211 recipit
879 3110 1021 3181 haec*
1034 3117 1302 3182 materia
1322 3161 1341 3195 ,
1383 3108 1540 3183 dum
1562 3111 1795 3214 figuras
1815 3118 2025 3192 induit
2039 3122 2382 3218 quassibet-

422 3235 531 3305 34.
583 3214 806 3282 Omne
848 3217 1201 3283 maximum
1223 3217 1290 3282 in
1324 3214 1523 3283 Deo:
1562 3212 1912 3291 indefinitae
1923 3227 2256 3318 parvitatis
2276 3223 2414 3300 haec
2436 3234 2727 3304 materia.

315 3312 400 3381 Et
415 3322 639 3381 tamen
651 3313 802 3407 quia
814 3334 1109 3410 permeat
1124 3312 1781 3412 omnia,multamque
1797 3323 1866 3390 ὅ(
1882 3324 2113 3393 miram
2131 3319 2329 3398 habet
2343 3324 2725 3415 efficaciam,

309 3405 395 3479 ab
432 3413 869 3506 antiquorum·
900 3409 1227 3483 nonnullis
1253 3436 1374 3509 pro
1393 3414 1550 3484 Deo
1573 3408 1796 3485 habita
1815 3459 1854 3492 r
1875 3423 1970 3490 uti
1993 3419 2249 3523 Sol-ipie
2264 3478 2286 3511 ,
2328 3430 2448 3526 qui
2463 3451 2541 3500 ex
2562 3425 2728 3525 elus·

195 3597 210 3609 α
310 3507 503 3581 modi
524 3509 779 3582 constat
792 3512 1065 3585 materia
1086 3563 1107 3596 ,
1147 3509 1564 3583 ethnicorum
1583 3517 1770 3585 Deus
1792 3511 1937 3591 fisis.

415 3637 444 3705 3
463 3634 496 3702 5
511 3660 529 3680 .
583 3605 865 3681 Diverst
885 3617 955 3680 &
969 3615 1305 3681 contraria:
1322 3634 1562 3685 naturae
1578 3638 1861 3713 corpora
1877 3617 1914 3689 ὲ
1936 3616 2195 3696 diverfis
2210 3623 2569 3726 principiis,
2593 3625 2726 3702 ele-

313 3714 548 3782 mentis
584 3706 686 3780 vel
718 3706 1008 3808 partibus
1048 3733 1563 3811 componuntur.
1619 3718 1687 3786 Si
1724 3719 1790 3784 in
1829 3721 2058 3814 primis
2092 3720 2162 3794 δε
2185 3733 2454 3797 remotis
2481 3753 2728 3804 conve-

311 3811 509 3880 niunt
523 3860 548 3896 ,
568 3804 811 3881 'saltem
846 3812 915 3879 in
935 3816 1136 3911 magis
1158 3815 1547 3911 propinquis
1566 3808 1900 3887 differunt.
1956 3823 2724 3921 Quem-admodumfieber

302 3909 385 3979 ’δε
396 3909 551 3980 rebus
568 3908 767 3983 literis
781 3906 1054 4010 quidem
1075 3906 1510 3998 consentiunt,
1529 3909 1766 3985 ordine
1786 3936 2010 3991 autem
2028 3919 2363 4009 literarum
2380 3933 2453 3998 &
2473 3922 2737 4021 syllabis»

314 4002 723 4085 diss‘entiunn
1533 4108 1538 4113 q
1618 4005 1725 4083 ff
1756 4040 1802 4113 3,
2418 4034 2536 4121 3⁶?
2571 4020 2748 4088 Tria·-
