<?xml version="1.0" encoding="UTF-8"?>
<!DOCTYPE html PUBLIC "-//W3C//DTD XHTML 1.0 Transitional//EN"
    "http://www.w3.org/TR/xhtml1/DTD/xhtml1-transitional.dtd">
<html xmlns="http://www.w3.org/1999/xhtml" xml:lang="en" lang="en">
 <head>
  <title>
</title>
<meta http-equiv="Content-Type" content="text/html;charset=utf-8" />
  <meta name='ocr-system' content='tesseract 3.04.00' />
  <meta name='ocr-capabilities' content='ocr_page ocr_carea ocr_par ocr_line ocrx_word'/>
</head>
<body>
  <div class='ocr_page' id='page_1' title='image "./johannisclauber00claugoog_0463.png"; bbox 0 0 3391 4418; ppageno 0'>
   <div class='ocr_carea' id='block_1_1' title="bbox 313 159 2842 3848">
    <p class='ocr_par' dir='ltr' id='par_1_1' title="bbox 349 159 2842 776">
     <span class='ocr_line' id='line_1_1' title="bbox 982 159 2793 271; baseline 0.007 -41"><span class='ocrx_word' id='word_1_1' title='bbox 982 159 2133 251; x_wconf 73' lang='lat' dir='ltr'>Co&#39;NJUNCTJo.</span> <span class='ocrx_word' id='word_1_2' title='bbox 2627 189 2793 271; x_wconf 81' lang='lat'>443</span> 
     </span>
     <span class='ocr_line' id='line_1_2' title="bbox 358 264 2791 361; baseline 0 -15"><span class='ocrx_word' id='word_1_3' title='bbox 358 274 621 346; x_wconf 84' lang='lat' dir='ltr'>nostros</span> <span class='ocrx_word' id='word_1_4' title='bbox 641 313 665 346; x_wconf 85' lang='lat'>‚</span> <span class='ocrx_word' id='word_1_5' title='bbox 680 264 959 340; x_wconf 64' lang='lat' dir='ltr'>&#39;affedtus</span> <span class='ocrx_word' id='word_1_6' title='bbox 982 277 1051 339; x_wconf 73' lang='grc' dir='ltr'>δε</span> <span class='ocrx_word' id='word_1_7' title='bbox 1073 267 1404 361; x_wconf 88' lang='lat' dir='ltr'>appetitus</span> <span class='ocrx_word' id='word_1_8' title='bbox 1425 267 1737 336; x_wconf 86' lang='lat' dir='ltr'>animales</span> <span class='ocrx_word' id='word_1_9' title='bbox 1759 274 1998 339; x_wconf 88' lang='lat' dir='ltr'>rationi</span> <span class='ocrx_word' id='word_1_10' title='bbox 2024 279 2089 340; x_wconf 87' lang='lat'><strong>&amp;</strong></span> <span class='ocrx_word' id='word_1_11' title='bbox 2119 268 2438 344; x_wconf 82' lang='lat' dir='ltr'>voluntati</span> <span class='ocrx_word' id='word_1_12' title='bbox 2463 271 2791 352; x_wconf 81' lang='lat' dir='ltr'>dominari</span> 
     </span>
     <span class='ocr_line' id='line_1_3' title="bbox 358 363 2789 469; baseline 0.002 -24"><span class='ocrx_word' id='word_1_13' title='bbox 358 369 959 446; x_wconf 77' lang='lat' dir='ltr'>animadvertimus.</span> <span class='ocrx_word' id='word_1_14' title='bbox 1015 363 1230 462; x_wconf 85' lang='lat' dir='ltr'>Qod</span> <span class='ocrx_word' id='word_1_15' title='bbox 1253 363 1521 458; x_wconf 87' lang='lat' dir='ltr'>quidem</span> <span class='ocrx_word' id='word_1_16' title='bbox 1545 364 1815 439; x_wconf 85' lang='lat' dir='ltr'>duobus</span> <span class='ocrx_word' id='word_1_17' title='bbox 1834 369 2053 439; x_wconf 91' lang='lat' dir='ltr'>modis</span> <span class='ocrx_word' id='word_1_18' title='bbox 2067 375 2396 469; x_wconf 87' lang='lat' dir='ltr'>contingit</span> <span class='ocrx_word' id='word_1_19' title='bbox 2417 400 2433 441; x_wconf 70' lang='grc' dir='ltr'><strong><em>ε</em></strong></span> <span class='ocrx_word' id='word_1_20' title='bbox 2485 401 2506 442; x_wconf 85' lang='lat'>1</span> <span class='ocrx_word' id='word_1_21' title='bbox 2527 426 2545 444; x_wconf 93' lang='lat'>.</span> <span class='ocrx_word' id='word_1_22' title='bbox 2564 375 2610 447; x_wconf 83' lang='lat' dir='ltr'>fi</span> <span class='ocrx_word' id='word_1_23' title='bbox 2636 402 2789 450; x_wconf 89' lang='lat' dir='ltr'>cor-</span> 
     </span>
     <span class='ocr_line' id='line_1_4' title="bbox 354 463 2776 578; baseline 0 -31"><span class='ocrx_word' id='word_1_24' title='bbox 354 502 475 578; x_wconf 85' lang='lat' dir='ltr'>pus</span> <span class='ocrx_word' id='word_1_25' title='bbox 502 465 876 566; x_wconf 77' lang='lat' dir='ltr'>animusque</span> <span class='ocrx_word' id='word_1_26' title='bbox 893 476 1025 564; x_wconf 79' lang='lat' dir='ltr'>jam</span> <span class='ocrx_word' id='word_1_27' title='bbox 1040 490 1215 540; x_wconf 85' lang='lat' dir='ltr'>nunc</span> <span class='ocrx_word' id='word_1_28' title='bbox 1238 463 1651 537; x_wconf 86' lang='lat' dir='ltr'>conflixerint</span> <span class='ocrx_word' id='word_1_29' title='bbox 1671 495 1695 542; x_wconf 62' lang='lat' dir='ltr'>z,</span> <span class='ocrx_word' id='word_1_30' title='bbox 1724 495 1786 539; x_wconf 87' lang='lat'>2.</span> <span class='ocrx_word' id='word_1_31' title='bbox 1802 465 1851 538; x_wconf 80' lang='lat' dir='ltr'>fi</span> <span class='ocrx_word' id='word_1_32' title='bbox 1871 475 2067 541; x_wconf 84' lang='lat' dir='ltr'>etiam</span> <span class='ocrx_word' id='word_1_33' title='bbox 2091 494 2240 540; x_wconf 84' lang='lat' dir='ltr'>ante</span> <span class='ocrx_word' id='word_1_34' title='bbox 2269 474 2464 542; x_wconf 90' lang='lat' dir='ltr'>ullam</span> <span class='ocrx_word' id='word_1_35' title='bbox 2486 501 2776 576; x_wconf 87' lang='lat' dir='ltr'>pugnam</span> 
     </span>
     <span class='ocr_line' id='line_1_5' title="bbox 352 560 2842 672; baseline -0 -23"><span class='ocrx_word' id='word_1_36' title='bbox 352 575 710 649; x_wconf 87' lang='lat' dir='ltr'>institutam</span> <span class='ocrx_word' id='word_1_37' title='bbox 738 574 983 639; x_wconf 88' lang='lat' dir='ltr'>animus</span> <span class='ocrx_word' id='word_1_38' title='bbox 1006 569 1203 638; x_wconf 69' lang='lat' dir='ltr'>viClas</span> <span class='ocrx_word' id='word_1_39' title='bbox 1226 560 1401 661; x_wconf 81' lang='lat' dir='ltr'>quasi</span> <span class='ocrx_word' id='word_1_40' title='bbox 1421 569 1648 637; x_wconf 85' lang='lat' dir='ltr'>manus</span> <span class='ocrx_word' id='word_1_41' title='bbox 1666 567 1963 668; x_wconf 75' lang='lat' dir='ltr'>porrigat</span> <span class='ocrx_word' id='word_1_42' title='bbox 1980 625 2001 658; x_wconf 90' lang='lat'>‚</span> <span class='ocrx_word' id='word_1_43' title='bbox 2033 568 2220 668; x_wconf 74' lang='lat' dir='ltr'>quod</span> <span class='ocrx_word' id='word_1_44' title='bbox 2250 567 2447 644; x_wconf 89' lang='lat' dir='ltr'>semel</span> <span class='ocrx_word' id='word_1_45' title='bbox 2463 583 2598 672; x_wconf 82' lang='lat' dir='ltr'>jam</span> <span class='ocrx_word' id='word_1_46' title='bbox 2624 573 2774 649; x_wconf 83' lang='lat' dir='ltr'>sub·</span> <span class='ocrx_word' id='word_1_47' title='bbox 2838 620 2842 627; x_wconf 87' lang='lat'><em>·</em></span> 
     </span>
     <span class='ocr_line' id='line_1_6' title="bbox 349 667 1954 776; baseline -0.004 -27"><span class='ocrx_word' id='word_1_48' title='bbox 349 686 608 776; x_wconf 87' lang='lat' dir='ltr'>jugatus</span> <span class='ocrx_word' id='word_1_49' title='bbox 631 667 726 741; x_wconf 83' lang='lat' dir='ltr'>fit.</span> <span class='ocrx_word' id='word_1_50' title='bbox 1921 710 1954 734; x_wconf 83' lang='lat'>·.</span> 
     </span>
    </p>

    <p class='ocr_par' dir='ltr' id='par_1_2' title="bbox 368 765 2773 877">
     <span class='ocr_line' id='line_1_7' title="bbox 368 765 2773 877; baseline 0.004 -39"><span class='ocrx_word' id='word_1_51' title='bbox 368 772 374 778; x_wconf 81' lang='grc'><strong>’</strong></span> <span class='ocrx_word' id='word_1_52' title='bbox 446 800 517 870; x_wconf 73' lang='lat'>4„</span> <span class='ocrx_word' id='word_1_53' title='bbox 568 767 1034 867; x_wconf 84' lang='lat' dir='ltr'>Qamobtem</span> <span class='ocrx_word' id='word_1_54' title='bbox 1072 765 1370 862; x_wconf 84' lang='lat' dir='ltr'>exempla</span> <span class='ocrx_word' id='word_1_55' title='bbox 1402 766 1663 843; x_wconf 88' lang='lat' dir='ltr'>illorum</span> <span class='ocrx_word' id='word_1_56' title='bbox 1697 765 2083 853; x_wconf 88' lang='lat' dir='ltr'>hominum,</span> <span class='ocrx_word' id='word_1_57' title='bbox 2126 777 2240 870; x_wconf 87' lang='lat' dir='ltr'>qui</span> <span class='ocrx_word' id='word_1_58' title='bbox 2263 771 2532 848; x_wconf 60' lang='lat' dir='ltr'>affecffis</span> <span class='ocrx_word' id='word_1_59' title='bbox 2554 783 2626 849; x_wconf 90' lang='lat'>&amp;</span> <span class='ocrx_word' id='word_1_60' title='bbox 2656 803 2773 877; x_wconf 86' lang='lat' dir='ltr'>ap-</span> 
     </span>
    </p>

    <p class='ocr_par' dir='ltr' id='par_1_3' title="bbox 344 866 2767 1248">
     <span class='ocr_line' id='line_1_8' title="bbox 395 866 2767 958; baseline 0.001 -12"><span class='ocrx_word' id='word_1_61' title='bbox 395 880 587 946; x_wconf 87' lang='lat' dir='ltr'>etitus</span> <span class='ocrx_word' id='word_1_62' title='bbox 623 871 769 942; x_wconf 90' lang='lat' dir='ltr'>suos</span> <span class='ocrx_word' id='word_1_63' title='bbox 800 866 1253 949; x_wconf 86' lang='lat' dir='ltr'>debellarunt,</span> <span class='ocrx_word' id='word_1_64' title='bbox 1291 891 1361 938; x_wconf 93' lang='lat' dir='ltr'>ut</span> <span class='ocrx_word' id='word_1_65' title='bbox 1394 893 1532 939; x_wconf 86' lang='lat' dir='ltr'>rara</span> <span class='ocrx_word' id='word_1_66' title='bbox 1570 876 1640 940; x_wconf 85' lang='lat'>&amp;</span> <span class='ocrx_word' id='word_1_67' title='bbox 1676 871 2183 942; x_wconf 81' lang='lat' dir='ltr'>extraordinaria</span> <span class='ocrx_word' id='word_1_68' title='bbox 2211 927 2233 958; x_wconf 92' lang='lat'>,</span> <span class='ocrx_word' id='word_1_69' title='bbox 2258 873 2665 949; x_wconf 73' lang='lat' dir='ltr'>recenlentur</span> <span class='ocrx_word' id='word_1_70' title='bbox 2701 887 2767 949; x_wconf 88' lang='lat' dir='ltr'>in</span> 
     </span>
     <span class='ocr_line' id='line_1_9' title="bbox 344 903 2764 1070; baseline 0.002 -25"><span class='ocrx_word' id='word_1_71' title='bbox 344 903 659 1056; x_wconf 59' lang='lat' dir='ltr'>Bistoriis3</span> <span class='ocrx_word' id='word_1_72' title='bbox 686 994 917 1040; x_wconf 88' lang='lat' dir='ltr'>eorum</span> <span class='ocrx_word' id='word_1_73' title='bbox 938 969 1095 1039; x_wconf 78' lang='lat' dir='ltr'>vero</span> <span class='ocrx_word' id='word_1_74' title='bbox 1114 1018 1136 1050; x_wconf 88' lang='lat'>‚</span> <span class='ocrx_word' id='word_1_75' title='bbox 1158 971 1274 1064; x_wconf 83' lang='lat' dir='ltr'>qui</span> <span class='ocrx_word' id='word_1_76' title='bbox 1296 974 1609 1065; x_wconf 86' lang='lat' dir='ltr'>appetitui</span> <span class='ocrx_word' id='word_1_77' title='bbox 1631 968 1858 1066; x_wconf 71' lang='lat' dir='ltr'>potius</span> <span class='ocrx_word' id='word_1_78' title='bbox 1879 982 1945 1044; x_wconf 72' lang='grc' dir='ltr'>δι</span> <span class='ocrx_word' id='word_1_79' title='bbox 1967 970 2249 1045; x_wconf 68' lang='lat' dir='ltr'>sentibus</span> <span class='ocrx_word' id='word_1_80' title='bbox 2268 1029 2290 1058; x_wconf 89' lang='lat'>,</span> <span class='ocrx_word' id='word_1_81' title='bbox 2307 976 2504 1070; x_wconf 61' lang='lat' dir='ltr'>quam</span> <span class='ocrx_word' id='word_1_82' title='bbox 2527 984 2764 1051; x_wconf 83' lang='lat' dir='ltr'>rationi</span> 
     </span>
     <span class='ocr_line' id='line_1_10' title="bbox 348 1065 2754 1172; baseline 0 -23"><span class='ocrx_word' id='word_1_83' title='bbox 348 1074 895 1172; x_wconf 83' lang='lat' dir='ltr'>obtemperarunt</span> <span class='ocrx_word' id='word_1_84' title='bbox 917 1120 938 1154; x_wconf 89' lang='lat'>,</span> <span class='ocrx_word' id='word_1_85' title='bbox 977 1065 1149 1138; x_wconf 86' lang='lat' dir='ltr'>nulla</span> <span class='ocrx_word' id='word_1_86' title='bbox 1179 1068 1515 1166; x_wconf 87' lang='lat' dir='ltr'>peculiaris</span> <span class='ocrx_word' id='word_1_87' title='bbox 1542 1070 1618 1140; x_wconf 84' lang='lat' dir='ltr'>fit</span> <span class='ocrx_word' id='word_1_88' title='bbox 1653 1078 1948 1158; x_wconf 74' lang='lat' dir='ltr'>menne,</span> <span class='ocrx_word' id='word_1_89' title='bbox 1988 1073 2177 1166; x_wconf 85' lang='lat' dir='ltr'>quod</span> <span class='ocrx_word' id='word_1_90' title='bbox 2210 1072 2410 1146; x_wconf 81' lang='lat' dir='ltr'>obvia</span> <span class='ocrx_word' id='word_1_91' title='bbox 2444 1078 2754 1172; x_wconf 79' lang='lat' dir='ltr'>quotidie</span> 
     </span>
     <span class='ocr_line' id='line_1_11' title="bbox 350 1171 2360 1248; baseline -0.004 0"><span class='ocrx_word' id='word_1_92' title='bbox 350 1174 472 1248; x_wconf 84' lang='lat' dir='ltr'>fint</span> <span class='ocrx_word' id='word_1_93' title='bbox 492 1171 823 1246; x_wconf 88' lang='lat' dir='ltr'>omnibus.</span> <span class='ocrx_word' id='word_1_94' title='bbox 1681 1187 1685 1190; x_wconf 80' lang='grc'><strong><em>’</em></strong></span> <span class='ocrx_word' id='word_1_95' title='bbox 1931 1185 1934 1189; x_wconf 87' lang='grc'><strong>’</strong></span> <span class='ocrx_word' id='word_1_96' title='bbox 2354 1180 2360 1187; x_wconf 85' lang='grc'><em>’</em></span> 
     </span>
    </p>

    <p class='ocr_par' dir='ltr' id='par_1_4' title="bbox 327 1263 2825 1967">
     <span class='ocr_line' id='line_1_12' title="bbox 452 1263 2762 1374; baseline 0 -29"><span class='ocrx_word' id='word_1_97' title='bbox 452 1297 515 1367; x_wconf 84' lang='lat'>5.</span> <span class='ocrx_word' id='word_1_98' title='bbox 566 1276 684 1344; x_wconf 81' lang='lat' dir='ltr'>Ex.</span> <span class='ocrx_word' id='word_1_99' title='bbox 707 1296 802 1370; x_wconf 87' lang='lat' dir='ltr'>gr.</span> <span class='ocrx_word' id='word_1_100' title='bbox 834 1263 1105 1369; x_wconf 87' lang='lat' dir='ltr'>Josephi</span> <span class='ocrx_word' id='word_1_101' title='bbox 1127 1268 1449 1342; x_wconf 85' lang='lat' dir='ltr'>servientis</span> <span class='ocrx_word' id='word_1_102' title='bbox 1475 1275 1540 1338; x_wconf 87' lang='lat' dir='ltr'>in</span> <span class='ocrx_word' id='word_1_103' title='bbox 1566 1273 1847 1373; x_wconf 82' lang='lat' dir='ltr'>AEgypto</span> <span class='ocrx_word' id='word_1_104' title='bbox 1870 1320 1891 1351; x_wconf 81' lang='lat'>‚</span> <span class='ocrx_word' id='word_1_105' title='bbox 1923 1279 2251 1374; x_wconf 79' lang='lat' dir='ltr'>Scipionis</span> <span class='ocrx_word' id='word_1_106' title='bbox 2279 1284 2349 1349; x_wconf 77' lang='grc' dir='ltr'>δε</span> <span class='ocrx_word' id='word_1_107' title='bbox 2371 1272 2762 1360; x_wconf 83' lang='lat' dir='ltr'>Alexandri,</span> 
     </span>
     <span class='ocr_line' id='line_1_13' title="bbox 347 1373 2763 1469; baseline -0 -23"><span class='ocrx_word' id='word_1_108' title='bbox 347 1373 648 1446; x_wconf 88' lang='lat' dir='ltr'>Davidis.</span> <span class='ocrx_word' id='word_1_109' title='bbox 670 1395 940 1468; x_wconf 88' lang='lat' dir='ltr'>quoque</span> <span class='ocrx_word' id='word_1_110' title='bbox 975 1373 1404 1467; x_wconf 76' lang='lat' dir='ltr'>temperantia</span> <span class='ocrx_word' id='word_1_111' title='bbox 1449 1395 1523 1438; x_wconf 82' lang='lat' dir='ltr'>ex</span> <span class='ocrx_word' id='word_1_112' title='bbox 1566 1398 1603 1440; x_wconf 85' lang='lat'><em>2</em></span> <span class='ocrx_word' id='word_1_113' title='bbox 1627 1379 1804 1444; x_wconf 87' lang='lat' dir='ltr'>Sam.</span> <span class='ocrx_word' id='word_1_114' title='bbox 1828 1400 1900 1469; x_wconf 80' lang='lat'>23</span> <span class='ocrx_word' id='word_1_115' title='bbox 1934 1374 2258 1446; x_wconf 86' lang='lat' dir='ltr'>laudatur.</span> <span class='ocrx_word' id='word_1_116' title='bbox 2337 1375 2763 1446; x_wconf 89' lang='lat' dir='ltr'>Admiramur</span> 
     </span>
     <span class='ocr_line' id='line_1_14' title="bbox 327 1468 2769 1573; baseline -0 -29"><span class='ocrx_word' id='word_1_117' title='bbox 327 1472 503 1546; x_wconf 84' lang='lat' dir='ltr'>-belli</span> <span class='ocrx_word' id='word_1_118' title='bbox 535 1474 735 1544; x_wconf 87' lang='lat' dir='ltr'>duces</span> <span class='ocrx_word' id='word_1_119' title='bbox 763 1524 786 1556; x_wconf 87' lang='lat'>,</span> <span class='ocrx_word' id='word_1_120' title='bbox 831 1469 944 1566; x_wconf 90' lang='lat' dir='ltr'>qui</span> <span class='ocrx_word' id='word_1_121' title='bbox 975 1477 1256 1563; x_wconf 85' lang='lat' dir='ltr'>graviter</span> <span class='ocrx_word' id='word_1_122' title='bbox 1288 1468 1598 1540; x_wconf 85' lang='lat' dir='ltr'>vulnerati</span> <span class='ocrx_word' id='word_1_123' title='bbox 1636 1470 1894 1543; x_wconf 85' lang='lat' dir='ltr'>suorum</span> <span class='ocrx_word' id='word_1_124' title='bbox 1930 1479 2106 1572; x_wconf 78' lang='lat' dir='ltr'>prius</span> <span class='ocrx_word' id='word_1_125' title='bbox 2139 1473 2315 1545; x_wconf 72' lang='lat' dir='ltr'>laluti</span> <span class='ocrx_word' id='word_1_126' title='bbox 2347 1472 2769 1573; x_wconf 60' lang='lat' dir='ltr'>prospectum</span> 
     </span>
     <span class='ocr_line' id='line_1_15' title="bbox 347 1565 2769 1672; baseline -0.001 -25"><span class='ocrx_word' id='word_1_127' title='bbox 347 1573 652 1648; x_wconf 74' lang='lat' dir='ltr'>voluere,</span> <span class='ocrx_word' id='word_1_128' title='bbox 668 1569 864 1669; x_wconf 66' lang='lat' dir='ltr'>quam</span> <span class='ocrx_word' id='word_1_129' title='bbox 880 1567 999 1638; x_wconf 84' lang='lat' dir='ltr'>fibi</span> <span class='ocrx_word' id='word_1_130' title='bbox 1019 1565 1189 1667; x_wconf 78' lang='lat' dir='ltr'>ipsis.</span> <span class='ocrx_word' id='word_1_131' title='bbox 1225 1567 1605 1640; x_wconf 80' lang='lat' dir='ltr'>Mirandum</span> <span class='ocrx_word' id='word_1_132' title='bbox 1627 1576 1951 1667; x_wconf 85' lang='lat' dir='ltr'>patientiae</span> <span class='ocrx_word' id='word_1_133' title='bbox 1971 1576 2340 1672; x_wconf 83' lang='lat' dir='ltr'>exemplum</span> <span class='ocrx_word' id='word_1_134' title='bbox 2361 1567 2769 1647; x_wconf 75' lang='lat' dir='ltr'>Anaxarchus</span> 
     </span>
     <span class='ocr_line' id='line_1_16' title="bbox 348 1666 2825 1775; baseline 0 -30"><span class='ocrx_word' id='word_1_135' title='bbox 348 1672 666 1775; x_wconf 82' lang='lat' dir='ltr'>praebuit,</span> <span class='ocrx_word' id='word_1_136' title='bbox 702 1669 862 1740; x_wconf 92' lang='lat' dir='ltr'>dum</span> <span class='ocrx_word' id='word_1_137' title='bbox 882 1674 1216 1764; x_wconf 84' lang='lat' dir='ltr'>quaestioni</span> <span class='ocrx_word' id='word_1_138' title='bbox 1238 1676 1306 1738; x_wconf 74' lang='grc' dir='ltr'>ὅ(</span> <span class='ocrx_word' id='word_1_139' title='bbox 1328 1676 1668 1741; x_wconf 86' lang='lat' dir='ltr'>tormentis</span> <span class='ocrx_word' id='word_1_140' title='bbox 1686 1666 2007 1768; x_wconf 57' lang='lat' dir='ltr'>subjectus</span> <span class='ocrx_word' id='word_1_141' title='bbox 2028 1672 2318 1773; x_wconf 87' lang='lat' dir='ltr'>linguam</span> <span class='ocrx_word' id='word_1_142' title='bbox 2343 1674 2568 1744; x_wconf 87' lang='lat' dir='ltr'>indicii</span> <span class='ocrx_word' id='word_1_143' title='bbox 2590 1670 2770 1771; x_wconf 84' lang='lat' dir='ltr'>spem</span> <span class='ocrx_word' id='word_1_144' title='bbox 2815 1747 2825 1754; x_wconf 68' lang='grc'>,</span> 
     </span>
     <span class='ocr_line' id='line_1_17' title="bbox 354 1767 2770 1869; baseline -0.002 -23"><span class='ocrx_word' id='word_1_145' title='bbox 354 1771 665 1846; x_wconf 86' lang='lat' dir='ltr'>dentibus</span> <span class='ocrx_word' id='word_1_146' title='bbox 694 1767 1011 1869; x_wconf 67' lang='lat' dir='ltr'>praescidit</span> <span class='ocrx_word' id='word_1_147' title='bbox 1035 1792 1230 1864; x_wconf 80' lang='lat' dir='ltr'>atque</span> <span class='ocrx_word' id='word_1_148' title='bbox 1263 1772 1329 1836; x_wconf 90' lang='lat' dir='ltr'>in</span> <span class='ocrx_word' id='word_1_149' title='bbox 1350 1794 1422 1839; x_wconf 91' lang='lat' dir='ltr'>os</span> <span class='ocrx_word' id='word_1_150' title='bbox 1443 1776 1687 1859; x_wconf 84' lang='lat' dir='ltr'>tyranni</span> <span class='ocrx_word' id='word_1_151' title='bbox 1716 1768 1974 1868; x_wconf 81' lang='lat' dir='ltr'>exspuit.</span> <span class='ocrx_word' id='word_1_152' title='bbox 2035 1778 2198 1843; x_wconf 80' lang='lat' dir='ltr'>Haec</span> <span class='ocrx_word' id='word_1_153' title='bbox 2223 1779 2450 1844; x_wconf 85' lang='lat' dir='ltr'>omnia</span> <span class='ocrx_word' id='word_1_154' title='bbox 2470 1797 2607 1843; x_wconf 86' lang='lat' dir='ltr'>rara</span> <span class='ocrx_word' id='word_1_155' title='bbox 2625 1768 2770 1843; x_wconf 87' lang='lat' dir='ltr'>sunt</span> 
     </span>
     <span class='ocr_line' id='line_1_18' title="bbox 349 1866 2010 1967; baseline -0.002 -21"><span class='ocrx_word' id='word_1_156' title='bbox 349 1872 742 1947; x_wconf 84' lang='lat' dir='ltr'>admodum.</span> <span class='ocrx_word' id='word_1_157' title='bbox 798 1866 1107 1967; x_wconf 82' lang='lat' dir='ltr'>Exempla</span> <span class='ocrx_word' id='word_1_158' title='bbox 1126 1874 1450 1938; x_wconf 86' lang='lat' dir='ltr'>contraria</span> <span class='ocrx_word' id='word_1_159' title='bbox 1473 1867 2010 1964; x_wconf 72' lang='lat' dir='ltr'>trequentiffima.</span> 
     </span>
    </p>

    <p class='ocr_par' dir='ltr' id='par_1_5' title="bbox 330 1960 2775 2573">
     <span class='ocr_line' id='line_1_19' title="bbox 330 1960 2774 2071; baseline 0.001 -33"><span class='ocrx_word' id='word_1_160' title='bbox 330 2032 342 2038; x_wconf 92' lang='lat'>-</span> <span class='ocrx_word' id='word_1_161' title='bbox 451 1986 519 2044; x_wconf 88' lang='lat'>6.</span> <span class='ocrx_word' id='word_1_162' title='bbox 568 1969 867 2071; x_wconf 82' lang='lat' dir='ltr'>Qando</span> <span class='ocrx_word' id='word_1_163' title='bbox 914 1971 1109 2067; x_wconf 83' lang='lat' dir='ltr'>igitur</span> <span class='ocrx_word' id='word_1_164' title='bbox 1151 1973 1371 2039; x_wconf 82' lang='lat' dir='ltr'>omnia</span> <span class='ocrx_word' id='word_1_165' title='bbox 1412 1974 1480 2038; x_wconf 86' lang='lat' dir='ltr'>in</span> <span class='ocrx_word' id='word_1_166' title='bbox 1519 1993 1756 2039; x_wconf 90' lang='lat' dir='ltr'>mutuo</span> <span class='ocrx_word' id='word_1_167' title='bbox 1792 1979 2093 2070; x_wconf 79' lang='lat' dir='ltr'>corporis</span> <span class='ocrx_word' id='word_1_168' title='bbox 2132 1978 2463 2070; x_wconf 87' lang='lat' dir='ltr'>animique</span> <span class='ocrx_word' id='word_1_169' title='bbox 2493 1960 2774 2045; x_wconf 76' lang='lat' dir='ltr'>&#39;humani</span> 
     </span>
     <span class='ocr_line' id='line_1_20' title="bbox 346 2065 2775 2171; baseline -0.001 -24"><span class='ocrx_word' id='word_1_170' title='bbox 346 2072 600 2150; x_wconf 83' lang='lat' dir='ltr'>foedere</span> <span class='ocrx_word' id='word_1_171' title='bbox 631 2081 721 2143; x_wconf 81' lang='lat' dir='ltr'>ita</span> <span class='ocrx_word' id='word_1_172' title='bbox 746 2065 1082 2140; x_wconf 83' lang='lat' dir='ltr'>sehabent</span> <span class='ocrx_word' id='word_1_173' title='bbox 1102 2121 1122 2151; x_wconf 89' lang='lat'>,</span> <span class='ocrx_word' id='word_1_174' title='bbox 1159 2093 1229 2141; x_wconf 90' lang='lat' dir='ltr'>ut</span> <span class='ocrx_word' id='word_1_175' title='bbox 1256 2067 1403 2138; x_wconf 73' lang='lat' dir='ltr'>lana</span> <span class='ocrx_word' id='word_1_176' title='bbox 1440 2070 1610 2137; x_wconf 82' lang='lat' dir='ltr'>ratio</span> <span class='ocrx_word' id='word_1_177' title='bbox 1641 2067 1830 2165; x_wconf 82' lang='lat' dir='ltr'>jubet</span> <span class='ocrx_word' id='word_1_178' title='bbox 1852 2124 1872 2154; x_wconf 90' lang='lat'>‚</span> <span class='ocrx_word' id='word_1_179' title='bbox 1909 2096 1980 2142; x_wconf 92' lang='lat' dir='ltr'>ut</span> <span class='ocrx_word' id='word_1_180' title='bbox 2000 2070 2458 2171; x_wconf 64' lang='lat' dir='ltr'>pulcherrimas</span> <span class='ocrx_word' id='word_1_181' title='bbox 2486 2080 2775 2167; x_wconf 75' lang='lat' dir='ltr'>conjun-</span> 
     </span>
     <span class='ocr_line' id='line_1_21' title="bbox 346 2166 2772 2268; baseline -0.003 -19"><span class='ocrx_word' id='word_1_182' title='bbox 346 2171 925 2264; x_wconf 67' lang='lat' dir='ltr'>&amp;ionisvenustas</span> <span class='ocrx_word' id='word_1_183' title='bbox 955 2174 1185 2266; x_wconf 79' lang='lat' dir='ltr'>exigit3</span> <span class='ocrx_word' id='word_1_184' title='bbox 1226 2166 1663 2264; x_wconf 86' lang='lat' dir='ltr'>quamobrem</span> <span class='ocrx_word' id='word_1_185' title='bbox 1705 2174 1775 2241; x_wconf 88' lang='lat' dir='ltr'>in</span> <span class='ocrx_word' id='word_1_186' title='bbox 1810 2172 1958 2257; x_wconf 85' lang='lat' dir='ltr'>ista,</span> <span class='ocrx_word' id='word_1_187' title='bbox 1989 2197 2186 2268; x_wconf 87' lang='lat' dir='ltr'>quam</span> <span class='ocrx_word' id='word_1_188' title='bbox 2213 2171 2488 2244; x_wconf 75' lang='lat' dir='ltr'>diximus</span> <span class='ocrx_word' id='word_1_189' title='bbox 2512 2223 2534 2254; x_wconf 87' lang='lat'>‚</span> <span class='ocrx_word' id='word_1_190' title='bbox 2568 2176 2772 2243; x_wconf 86' lang='lat' dir='ltr'>animi</span> 
     </span>
     <span class='ocr_line' id='line_1_22' title="bbox 343 2268 2771 2381; baseline -0.002 -33"><span class='ocrx_word' id='word_1_191' title='bbox 343 2274 763 2373; x_wconf 84' lang='lat' dir='ltr'>corporisque</span> <span class='ocrx_word' id='word_1_192' title='bbox 802 2292 1021 2365; x_wconf 88' lang='lat' dir='ltr'>pugna</span> <span class='ocrx_word' id='word_1_193' title='bbox 1054 2275 1451 2336; x_wconf 86' lang='lat' dir='ltr'>contrarium</span> <span class='ocrx_word' id='word_1_194' title='bbox 1482 2272 1738 2337; x_wconf 88' lang='lat' dir='ltr'>eveniat</span> <span class='ocrx_word' id='word_1_195' title='bbox 1771 2320 1793 2351; x_wconf 92' lang='lat'>,</span> <span class='ocrx_word' id='word_1_196' title='bbox 1852 2278 2131 2381; x_wconf 66' lang='lat' dir='ltr'>(nempe</span> <span class='ocrx_word' id='word_1_197' title='bbox 2161 2298 2249 2357; x_wconf 45' lang='lat' dir='ltr'>⁸ut</span> <span class='ocrx_word' id='word_1_198' title='bbox 2286 2268 2570 2371; x_wconf 80' lang='lat' dir='ltr'>superius</span> <span class='ocrx_word' id='word_1_199' title='bbox 2603 2268 2771 2348; x_wconf 87' lang='lat' dir='ltr'>illud</span> 
     </span>
     <span class='ocr_line' id='line_1_23' title="bbox 342 2360 2768 2471; baseline -0 -28"><span class='ocrx_word' id='word_1_200' title='bbox 342 2370 578 2445; x_wconf 76' lang='lat' dir='ltr'>evadat</span> <span class='ocrx_word' id='word_1_201' title='bbox 599 2419 622 2455; x_wconf 91' lang='lat'>‚</span> <span class='ocrx_word' id='word_1_202' title='bbox 647 2368 831 2467; x_wconf 80' lang='lat' dir='ltr'>quod</span> <span class='ocrx_word' id='word_1_203' title='bbox 860 2366 1188 2463; x_wconf 77' lang='lat' dir='ltr'>perpetuo</span> <span class='ocrx_word' id='word_1_204' title='bbox 1214 2361 1435 2454; x_wconf 83' lang='lat' dir='ltr'>subjici</span> <span class='ocrx_word' id='word_1_205' title='bbox 1459 2360 1810 2459; x_wconf 88' lang='lat' dir='ltr'>deberet‚)</span> <span class='ocrx_word' id='word_1_206' title='bbox 1843 2367 2274 2471; x_wconf 83' lang='lat' dir='ltr'>Philolophus</span> <span class='ocrx_word' id='word_1_207' title='bbox 2294 2368 2470 2445; x_wconf 67' lang='lat' dir='ltr'>forte</span> <span class='ocrx_word' id='word_1_208' title='bbox 2492 2368 2606 2441; x_wconf 92' lang='lat' dir='ltr'>diu</span> <span class='ocrx_word' id='word_1_209' title='bbox 2623 2397 2768 2442; x_wconf 86' lang='lat' dir='ltr'>am-</span> 
     </span>
     <span class='ocr_line' id='line_1_24' title="bbox 344 2462 2054 2573; baseline -0.002 -31"><span class='ocrx_word' id='word_1_210' title='bbox 344 2469 563 2573; x_wconf 83' lang='lat' dir='ltr'>bigat,</span> <span class='ocrx_word' id='word_1_211' title='bbox 606 2466 717 2538; x_wconf 83' lang='lat' dir='ltr'>nifi</span> <span class='ocrx_word' id='word_1_212' title='bbox 746 2473 1009 2561; x_wconf 87' lang='lat' dir='ltr'>juvetur</span> <span class='ocrx_word' id='word_1_213' title='bbox 1040 2484 1238 2559; x_wconf 88' lang='lat' dir='ltr'>atque</span> <span class='ocrx_word' id='word_1_214' title='bbox 1259 2462 1587 2535; x_wconf 87' lang='lat' dir='ltr'>erudiatur</span> <span class='ocrx_word' id='word_1_215' title='bbox 1608 2464 1643 2536; x_wconf 72' lang='grc' dir='ltr'>εἰ</span> <span class='ocrx_word' id='word_1_216' title='bbox 1674 2466 2054 2569; x_wconf 85' lang='lat' dir='ltr'>Theologo.</span> 
     </span>
    </p>

    <p class='ocr_par' dir='ltr' id='par_1_6' title="bbox 326 2562 2761 2970">
     <span class='ocr_line' id='line_1_25' title="bbox 437 2562 2761 2667; baseline 0.003 -29"><span class='ocrx_word' id='word_1_217' title='bbox 437 2598 508 2667; x_wconf 89' lang='lat'>7.</span> <span class='ocrx_word' id='word_1_218' title='bbox 562 2567 757 2641; x_wconf 87' lang='lat' dir='ltr'>Adde</span> <span class='ocrx_word' id='word_1_219' title='bbox 796 2562 931 2636; x_wconf 89' lang='lat' dir='ltr'>hoc</span> <span class='ocrx_word' id='word_1_220' title='bbox 978 2562 1219 2634; x_wconf 84' lang='lat' dir='ltr'>misera:</span> <span class='ocrx_word' id='word_1_221' title='bbox 1254 2569 1319 2633; x_wconf 89' lang='lat' dir='ltr'>in</span> <span class='ocrx_word' id='word_1_222' title='bbox 1354 2567 1573 2634; x_wconf 87' lang='lat' dir='ltr'>anima</span> <span class='ocrx_word' id='word_1_223' title='bbox 1599 2567 1814 2638; x_wconf 86' lang='lat' dir='ltr'>nostra</span> <span class='ocrx_word' id='word_1_224' title='bbox 1848 2569 2312 2644; x_wconf 84' lang='lat' dir='ltr'>imbecillitatis</span> <span class='ocrx_word' id='word_1_225' title='bbox 2343 2570 2761 2666; x_wconf 63' lang='lat' dir='ltr'>exemplum,</span> 
     </span>
     <span class='ocr_line' id='line_1_26' title="bbox 335 2664 2760 2773; baseline -0.002 -31"><span class='ocrx_word' id='word_1_226' title='bbox 335 2669 527 2773; x_wconf 89' lang='lat' dir='ltr'>quod</span> <span class='ocrx_word' id='word_1_227' title='bbox 561 2664 1141 2740; x_wconf 66' lang='lat' dir='ltr'>voluntas-directe</span> <span class='ocrx_word' id='word_1_228' title='bbox 1178 2690 1389 2760; x_wconf 89' lang='lat' dir='ltr'>neque</span> <span class='ocrx_word' id='word_1_229' title='bbox 1430 2670 1758 2737; x_wconf 82' lang='lat' dir='ltr'>concitare</span> <span class='ocrx_word' id='word_1_230' title='bbox 1791 2693 2004 2767; x_wconf 89' lang='lat' dir='ltr'>neque</span> <span class='ocrx_word' id='word_1_231' title='bbox 2026 2678 2301 2746; x_wconf 78' lang='lat' dir='ltr'>eximere</span> <span class='ocrx_word' id='word_1_232' title='bbox 2321 2669 2760 2766; x_wconf 78' lang='lat' dir='ltr'>poffitanimae</span> 
     </span>
     <span class='ocr_line' id='line_1_27' title="bbox 331 2763 2751 2875; baseline -0.003 -30"><span class='ocrx_word' id='word_1_233' title='bbox 331 2773 691 2875; x_wconf 79' lang='lat' dir='ltr'>paffioncs3</span> <span class='ocrx_word' id='word_1_234' title='bbox 727 2765 836 2837; x_wconf 88' lang='lat' dir='ltr'>sed</span> <span class='ocrx_word' id='word_1_235' title='bbox 859 2763 1184 2838; x_wconf 63' lang='lat' dir='ltr'>‘inditeele</span> <span class='ocrx_word' id='word_1_236' title='bbox 1211 2764 1464 2835; x_wconf 76' lang='lat' dir='ltr'>tantum</span> <span class='ocrx_word' id='word_1_237' title='bbox 1492 2791 1606 2862; x_wconf 91' lang='lat' dir='ltr'>per</span> <span class='ocrx_word' id='word_1_238' title='bbox 1625 2765 2087 2842; x_wconf 74' lang='lat' dir='ltr'>excitationem</span> <span class='ocrx_word' id='word_1_239' title='bbox 2107 2768 2459 2842; x_wconf 61' lang='lat' dir='ltr'>affectuum</span> <span class='ocrx_word' id='word_1_240' title='bbox 2486 2791 2751 2846; x_wconf 82' lang='lat' dir='ltr'>contra-</span> 
     </span>
     <span class='ocr_line' id='line_1_28' title="bbox 326 2860 2750 2970; baseline -0.003 -23"><span class='ocrx_word' id='word_1_241' title='bbox 326 2882 604 2947; x_wconf 85' lang='lat' dir='ltr'>riorum.</span> <span class='ocrx_word' id='word_1_242' title='bbox 651 2870 835 2940; x_wconf 84' lang='lat' dir='ltr'>Nam</span> <span class='ocrx_word' id='word_1_243' title='bbox 873 2863 1051 2938; x_wconf 84' lang='lat' dir='ltr'>ficuti</span> <span class='ocrx_word' id='word_1_244' title='bbox 1085 2862 1350 2935; x_wconf 86' lang='lat' dir='ltr'>bestiam</span> <span class='ocrx_word' id='word_1_245' title='bbox 1372 2860 1571 2934; x_wconf 66' lang='lat' dir='ltr'>bestia</span> <span class='ocrx_word' id='word_1_246' title='bbox 1590 2873 1912 2966; x_wconf 86' lang='lat' dir='ltr'>capimus,</span> <span class='ocrx_word' id='word_1_247' title='bbox 1945 2871 2241 2970; x_wconf 88' lang='lat' dir='ltr'>leporem</span> <span class='ocrx_word' id='word_1_248' title='bbox 2259 2896 2460 2955; x_wconf 87' lang='lat' dir='ltr'>cane,</span> <span class='ocrx_word' id='word_1_249' title='bbox 2494 2860 2750 2942; x_wconf 68' lang='lat' dir='ltr'>mu&#39;rem</span> 
     </span>
    </p>

    <p class='ocr_par' dir='ltr' id='par_1_7' title="bbox 313 2960 2779 3848">
     <span class='ocr_line' id='line_1_29' title="bbox 1132 2960 2779 3048; baseline 0.004 -14"><span class='ocrx_word' id='word_1_250' title='bbox 1132 2993 1145 3034; x_wconf 70' lang='grc' dir='ltr'>ι</span> <span class='ocrx_word' id='word_1_251' title='bbox 1167 2960 1403 3035; x_wconf 65' lang='lat' dir='ltr'>affectu</span> <span class='ocrx_word' id='word_1_252' title='bbox 1424 2961 1851 3040; x_wconf 88' lang='lat' dir='ltr'>debellamus.</span> <span class='ocrx_word' id='word_1_253' title='bbox 2775 3043 2779 3048; x_wconf 74' lang='grc'>,</span> 
     </span>
     <span class='ocr_line' id='line_1_30' title="bbox 1132 3064 2745 3168; baseline 0.001 -32"><span class='ocrx_word' id='word_1_254' title='bbox 1132 3065 1246 3143; x_wconf 85' lang='lat' dir='ltr'>est,</span> <span class='ocrx_word' id='word_1_255' title='bbox 1279 3089 1350 3136; x_wconf 91' lang='lat' dir='ltr'>ut</span> <span class='ocrx_word' id='word_1_256' title='bbox 1371 3068 1584 3136; x_wconf 86' lang='lat' dir='ltr'>anima</span> <span class='ocrx_word' id='word_1_257' title='bbox 1602 3064 1721 3138; x_wconf 82' lang='lat' dir='ltr'>fibi</span> <span class='ocrx_word' id='word_1_258' title='bbox 1746 3067 2149 3168; x_wconf 83' lang='lat' dir='ltr'>repraesentet</span> <span class='ocrx_word' id='word_1_259' title='bbox 2180 3096 2280 3142; x_wconf 87' lang='lat' dir='ltr'>res</span> <span class='ocrx_word' id='word_1_260' title='bbox 2301 3070 2455 3144; x_wconf 88' lang='lat' dir='ltr'>tales</span> <span class='ocrx_word' id='word_1_261' title='bbox 2473 3123 2493 3154; x_wconf 90' lang='lat'>‚</span> <span class='ocrx_word' id='word_1_262' title='bbox 2515 3066 2745 3164; x_wconf 81' lang='lat' dir='ltr'>quales</span> 
     </span>
     <span class='ocr_line' id='line_1_31' title="bbox 1132 3164 2742 3269; baseline 0.001 -32"><span class='ocrx_word' id='word_1_263' title='bbox 1132 3190 1398 3263; x_wconf 45' lang='lat' dir='ltr'>{aquas</span> <span class='ocrx_word' id='word_1_264' title='bbox 1432 3164 1734 3243; x_wconf 81' lang='lat' dir='ltr'>voluntas</span> <span class='ocrx_word' id='word_1_265' title='bbox 1773 3193 2002 3269; x_wconf 81' lang='lat' dir='ltr'>optat,</span> <span class='ocrx_word' id='word_1_266' title='bbox 2044 3178 2112 3243; x_wconf 77' lang='grc' dir='ltr'>δε</span> <span class='ocrx_word' id='word_1_267' title='bbox 2147 3197 2290 3267; x_wconf 84' lang='lat' dir='ltr'>quae</span> <span class='ocrx_word' id='word_1_268' title='bbox 2328 3167 2742 3243; x_wconf 83' lang='lat' dir='ltr'>adversantur</span> 
     </span>
     <span class='ocr_line' id='line_1_32' title="bbox 1170 3263 2748 3362; baseline 0.008 -29"><span class='ocrx_word' id='word_1_269' title='bbox 1170 3263 1503 3362; x_wconf 84' lang='lat' dir='ltr'>repellere.</span> <span class='ocrx_word' id='word_1_270' title='bbox 1570 3270 1676 3338; x_wconf 86' lang='lat' dir='ltr'>Sic</span> <span class='ocrx_word' id='word_1_271' title='bbox 1714 3267 1801 3340; x_wconf 86' lang='lat' dir='ltr'>ad</span> <span class='ocrx_word' id='word_1_272' title='bbox 1845 3271 2313 3343; x_wconf 87' lang='lat' dir='ltr'>concitandam</span> <span class='ocrx_word' id='word_1_273' title='bbox 2363 3276 2430 3341; x_wconf 91' lang='lat' dir='ltr'>in</span> <span class='ocrx_word' id='word_1_274' title='bbox 2466 3267 2525 3341; x_wconf 88' lang='lat' dir='ltr'>se</span> <span class='ocrx_word' id='word_1_275' title='bbox 2549 3269 2748 3345; x_wconf 76' lang='lat' dir='ltr'>auda.-</span> 
     </span>
     <span class='ocr_line' id='line_1_33' title="bbox 1132 3360 2741 3453; baseline 0.004 -18"><span class='ocrx_word' id='word_1_276' title='bbox 1132 3363 1344 3440; x_wconf 72' lang='lat' dir='ltr'>rndum</span> <span class='ocrx_word' id='word_1_277' title='bbox 1364 3420 1379 3446; x_wconf 89' lang='lat'><em>,</em></span> <span class='ocrx_word' id='word_1_278' title='bbox 1407 3390 1544 3436; x_wconf 92' lang='lat' dir='ltr'>non</span> <span class='ocrx_word' id='word_1_279' title='bbox 1560 3360 1793 3442; x_wconf 85' lang='lat' dir='ltr'>sufficit</span> <span class='ocrx_word' id='word_1_280' title='bbox 1813 3367 1972 3441; x_wconf 90' lang='lat' dir='ltr'>illud</span> <span class='ocrx_word' id='word_1_281' title='bbox 2001 3370 2161 3442; x_wconf 88' lang='lat' dir='ltr'>velle</span> <span class='ocrx_word' id='word_1_282' title='bbox 2177 3428 2194 3453; x_wconf 93' lang='lat'>,</span> <span class='ocrx_word' id='word_1_283' title='bbox 2219 3368 2328 3443; x_wconf 90' lang='lat' dir='ltr'>sed</span> <span class='ocrx_word' id='word_1_284' title='bbox 2345 3368 2741 3442; x_wconf 83' lang='lat' dir='ltr'>incumben-</span> 
     </span>
     <span class='ocr_line' id='line_1_34' title="bbox 1132 3462 2742 3566; baseline -0.002 -30"><span class='ocrx_word' id='word_1_285' title='bbox 1132 3462 1480 3537; x_wconf 76' lang='lat' dir='ltr'>iderationi</span> <span class='ocrx_word' id='word_1_286' title='bbox 1509 3473 1835 3541; x_wconf 85' lang='lat' dir='ltr'>rationum</span> <span class='ocrx_word' id='word_1_287' title='bbox 1859 3522 1881 3553; x_wconf 92' lang='lat'><strong>‚</strong></span> <span class='ocrx_word' id='word_1_288' title='bbox 1920 3468 2342 3566; x_wconf 49' lang='lat' dir='ltr'>objectorum</span> <span class='ocrx_word' id='word_1_289' title='bbox 2374 3491 2485 3541; x_wconf 91' lang='lat' dir='ltr'>aut</span> <span class='ocrx_word' id='word_1_290' title='bbox 2519 3491 2742 3539; x_wconf 67' lang='lat' dir='ltr'>exem-</span> 
     </span>
     <span class='ocr_line' id='line_1_35' title="bbox 1132 3563 2742 3665; baseline 0.001 -28"><span class='ocrx_word' id='word_1_291' title='bbox 1132 3593 1195 3639; x_wconf 88' lang='lat' dir='ltr'>nt</span> <span class='ocrx_word' id='word_1_292' title='bbox 1221 3563 1583 3665; x_wconf 88' lang='lat' dir='ltr'>periculum</span> <span class='ocrx_word' id='word_1_293' title='bbox 1603 3567 1884 3641; x_wconf 70' lang='lat' dir='ltr'>noneste</span> <span class='ocrx_word' id='word_1_294' title='bbox 1920 3595 2178 3643; x_wconf 90' lang='lat' dir='ltr'>tantum</span> <span class='ocrx_word' id='word_1_295' title='bbox 2203 3615 2225 3647; x_wconf 89' lang='lat'>‚</span> <span class='ocrx_word' id='word_1_296' title='bbox 2269 3577 2595 3664; x_wconf 80' lang='lat' dir='ltr'>majorem</span> <span class='ocrx_word' id='word_1_297' title='bbox 2613 3572 2742 3639; x_wconf 88' lang='lat' dir='ltr'>uti-</span> 
     </span>
     <span class='ocr_line' id='line_1_36' title="bbox 1132 3662 2742 3769; baseline -0.001 -31"><span class='ocrx_word' id='word_1_298' title='bbox 1132 3694 1186 3738; x_wconf 81' lang='lat' dir='ltr'>rn</span> <span class='ocrx_word' id='word_1_299' title='bbox 1222 3671 1289 3737; x_wconf 89' lang='lat' dir='ltr'>in</span> <span class='ocrx_word' id='word_1_300' title='bbox 1313 3662 1468 3769; x_wconf 88' lang='lat' dir='ltr'>suga</span> <span class='ocrx_word' id='word_1_301' title='bbox 1491 3662 1896 3741; x_wconf 83' lang='lat' dir='ltr'>securitatem</span> <span class='ocrx_word' id='word_1_302' title='bbox 1920 3670 2065 3742; x_wconf 83' lang='lat' dir='ltr'>esl’c.</span> <span class='ocrx_word' id='word_1_303' title='bbox 2119 3673 2200 3738; x_wconf 84' lang='lat' dir='ltr'>Et</span> <span class='ocrx_word' id='word_1_304' title='bbox 2222 3667 2343 3737; x_wconf 83' lang='lat' dir='ltr'>hac</span> <span class='ocrx_word' id='word_1_305' title='bbox 2371 3665 2643 3763; x_wconf 87' lang='lat' dir='ltr'>quidem</span> <span class='ocrx_word' id='word_1_306' title='bbox 2671 3671 2742 3737; x_wconf 81' lang='lat' dir='ltr'>in</span> 
     </span>
     <span class='ocr_line' id='line_1_37' title="bbox 313 3766 2741 3848; baseline -0 -8"><span class='ocrx_word' id='word_1_307' title='bbox 313 3803 385 3848; x_wconf 69' lang='lat' dir='ltr'>re</span> <span class='ocrx_word' id='word_1_308' title='bbox 436 3781 954 3848; x_wconf 66' lang='lat' dir='ltr'>fundamentum⁴</span> <span class='ocrx_word' id='word_1_309' title='bbox 990 3781 1148 3841; x_wconf 79' lang='lat' dir='ltr'>artis</span> <span class='ocrx_word' id='word_1_310' title='bbox 1195 3773 1500 3841; x_wconf 79' lang='lat' dir='ltr'>oratoriae</span> <span class='ocrx_word' id='word_1_311' title='bbox 1547 3770 1618 3836; x_wconf 67' lang='lat' dir='ltr'>in·</span> <span class='ocrx_word' id='word_1_312' title='bbox 1655 3767 2000 3842; x_wconf 61' lang='lat' dir='ltr'>affectibus</span> <span class='ocrx_word' id='word_1_313' title='bbox 2033 3766 2444 3841; x_wconf 84' lang='lat' dir='ltr'>concitandis</span> <span class='ocrx_word' id='word_1_314' title='bbox 2480 3766 2741 3843; x_wconf 87' lang='lat' dir='ltr'>videtur</span> 
     </span>
    </p>
   </div>
   <div class='ocr_carea' id='block_1_2' title="bbox 320 3871 699 3955">
    <p class='ocr_par' dir='ltr' id='par_1_8' title="bbox 320 3871 699 3955">
     <span class='ocr_line' id='line_1_38' title="bbox 320 3871 699 3955; baseline -0.016 -3"><span class='ocrx_word' id='word_1_315' title='bbox 320 3871 699 3955; x_wconf 81' lang='lat' dir='ltr'>confistete..</span> 
     </span>
    </p>
   </div>
   <div class='ocr_carea' id='block_1_3' title="bbox 1606 4018 2749 4171">
    <p class='ocr_par' dir='ltr' id='par_1_9' title="bbox 1606 4018 2749 4171">
     <span class='ocr_line' id='line_1_39' title="bbox 1606 4018 2749 4171; baseline -0.006 -24"><span class='ocrx_word' id='word_1_316' title='bbox 1606 4063 1807 4147; x_wconf 69' lang='grc' dir='ltr'>ΚΗ(</span> <span class='ocrx_word' id='word_1_317' title='bbox 1852 4096 1890 4171; x_wconf 84' lang='lat'>3</span> <span class='ocrx_word' id='word_1_318' title='bbox 2506 4018 2749 4140; x_wconf 67' lang='lat' dir='ltr'>cm.</span> 
     </span>
    </p>
   </div>
  </div>
 </body>
</html>
