3391 4418
568 161 573 165 .
911 90 2176 181 Con-ranerii.
2653 121 2770 208 ,73

355 282 363 295 f
433 226 637 300 994.=
676 200 1482 310 Globulitamen‘oblique
1504 210 2048 310 aquamingreffi,
2080 207 2174 283 ob
2194 205 2627 283 diversitatem
2641 234 2771 309 po-

340 336 569 383 torum
586 360 609 393 ,
642 310 849 404 quiin
876 331 1044 403 aqua
1067 315 1135 378 δε
1160 315 1304 379 ae're
1319 304 1459 377 sunt
1477 309 1534 407 §.
1555 317 1682 381 801
1698 363 1716 381 .
1734 314 2136 404 refringantur.
2529 370 2534 373 .

438 433 612 507 995.
660 405 860 481 Unde
895 432 1112 478 remus
1137 407 1246 478 'vel
1286 405 1552 480 baculus
1567 416 1887 508 partimin
1908 435 2077 509 aqua
2095 452 2118 495 ,1
2147 418 2387 512 partim
2403 416 2471 483 in
2486 414 2629 484 ae‘re
2645 433 2759 480 ex-

342 513 536 584 istens
551 563 574 595 ,
596 504 834 579 frastus
856 532 1121 607 apparet
1142 510 1203 583 §.
1239 534 1262 580 1
1279 513 1317 580 8
1337 534 1395 593 r.

434 622 615 709 996.
667 612 812 680 Hac
843 607 1268 709 globulorum
1305 603 1657 681 secundum
1691 613 1898 683 tetstas
1923 610 2465 711 lineaspreffione
2483 634 2655 709 aqua
2674 607 2751 681 fit

341 709 513 785 clara
534 719 602 783 δι
617 706 962 809 pellucida3
988 706 1366 781 dummodo
1385 706 1665 781 aliorum
1681 735 2036 808 corporum
2060 713 2478 811 permistione
2500 702 2638 783 non
2653 714 2757 780 in-

340 817 668 914 quinetur.
688 810 743 909 §.
768 837 860 908 79
881 837 934 883 1.

436 936 578 1009 997
594 963 613 983 .
655 907 1045 1008 Cujusmodi
1064 930 1286 978 tamen
1297 905 1889 1009 heterogeneorum
1906 917 2447 985 commixtionem
2469 962 2490 994 ‚
2529 907 2754 982 saltem

338 1010 626 1111 aliquam
642 1060 663 1089 ‚
690 1018 893 1081 etiam
908 1015 976 1080 in
991 1033 1159 1103 aqua
1177 1005 1361 1077 valde
1377 1008 1657 1106 limpida
1671 1016 1947 1085 inveniri
1969 1065 1992 1098 ,
2026 1036 2104 1084 ex
2118 1038 2200 1082 eo
2213 1012 2484 1111 planum
2503 1010 2592 1079 est
2608 1062 2631 1089 ‚

431 1135 479 1200 -9
547 1119 613 1182 8.
662 1108 883 1209 Qod
918 1105 1354 1176 sedimentum
1386 1103 1656 1201 aliquod
1694 1134 2024 1184 terrenum
2068 1107 2224 1210 saepe
2254 1107 2575 1204 relinquat
2600 1156 2622 1189 ,
2657 1106 2755 1177 ob

339 1235 461 1284 cau
486 1238 594 1282 am
620 1213 681 1287 §.
698 1234 869 1303 799.
899 1203 1280 1302 expreffam,
1309 1201 1488 1273 sicuti
1504 1231 1772 1302 quoque
1793 1212 1990 1309 tophi
2008 1208 2405 1280 thermarum
2426 1202 2760 1277 canalibus

340 1308 738 1381 accrescunt.
1763 1307 1776 1315 ’
2547 1360 2552 1367 .

434 1420 620 1500 999.
671 1406 780 1475 Ne
795 1410 932 1499 jam
950 1398 1166 1471 dicam
1185 1398 1268 1468 de
1290 1416 1483 1478 terra,
1504 1399 1714 1498 qualis
1731 1406 1794 1470 in
1818 1400 2027 1473 fundo
2045 1398 2203 1474 vafis
2219 1407 2524 1486 cernitur,
2543 1406 2610 1472 in
2624 1426 2761 1497 quo

348 1506 569 1605 pluvia
586 1501 685 1574 vel
704 1500 929 1593 nivalis
949 1508 1118 1594 aqua
1136 1493 1367 1568 resedit
1385 1525 1406 1569 .·
1436 1525 1578 1597 quae
1602 1499 1929 1575 cra‘ffiores
1947 1501 2377 1575 exhalationes
2395 1507 2712 1579 continet.

460 1629 672 1677 1000.
723 1603 1051 1702 Qamvis
1089 1620 1308 1668 autem
1342 1624 1509 1696 aqua
1538 1604 1801 1683 luminis,
1836 1600 1970 1675 hoc
2001 1604 2091 1674 est
2112 1657 2133 1688 ,
2166 1598 2502 1702 p'reffionis
2524 1599 2763 1675 restili-

348 1729 492 1775 neae
511 1758 534 1790 ,
564 1698 852 1801 respefim
869 1696 1292 1801 globulorum
1309 1725 1513 1798 poros
1532 1702 1667 1794 ejus
1683 1700 1920 1777 affidue
1935 1709 2416 1803 permeantium
2430 1748 2452 1780 ³
2481 1728 2620 1776 non
2638 1705 2770 1773 mi-

347 1803 809 1876 nusidoneum
830 1797 1190 1896 subjectum
1213 1796 1287 1869 fit
1304 1800 1505 1899 quam
1527 1807 1637 1873 ae‘r
1651 1852 1675 1887 ‚

452 1928 587 1978 100
604 1929 660 1975 1.
711 1900 842 1976 Vel
874 1900 1081 1998 magis
1105 1904 1297 1969 etiam
1330 1899 1651 1977 idoneum
1668 1951 1690 1985 ,
1722 1908 2138 2001 quiameatus
2155 1901 2777 1977 habetstabilioresz·

342 2031 483 2104 quo
517 2008 786 2074 nomine
818 1997 991 2071 radii
1015 1994 1263 2071 facilius
1287 2024 1559 2100 quoque
1576 2009 1814 2077 vitrum
1832 2057 1857 2091 ,
1890 2003 2094 2104 quim
2113 2000 2310 2106 ipsam
2329 2030 2566 2102 aquam
2592 2006 2767 2100 traji-

343 2128 548 2178 erunt.

447 2231 473 2276 1
488 2230 655 2280 002.
709 2206 936 2296 (Nam
958 2201 1209 2303 quanto
1237 2202 1563 2279 firmiores
1580 2215 1649 2280 &
1668 2204 2010 2279 solidiores
2029 2212 2271 2308 exiguae
2289 2230 2502 2306 partes
2524 2230 2772 2305 corpo·

340 2310 427 2378 ris
457 2302 724 2399 alicujus
756 2301 1070 2405 perspicui
1102 2301 1280 2390 sunt,
1316 2307 1502 2378 tanto
1533 2304 1784 2380 facilius
1808 2364 1826 2391 ‚
1870 2313 2104 2380 intuitu
2122 2333 2443 2407 potorum
2472 2351 2492 2385 ‚
2538 2310 2774 2377 lumini

340 2400 680 2476 tmnfitum
711 2408 1099 2502 permittunt
1136 2407 1197 2479 §.
1226 2429 1389 2492 342.
1420 2405 1577 2477 lieet
1604 2415 1858 2479 rarione
1873 2413 2161 2506 partium
2182 2403 2535 2476 solidarum
2564 2405 2774 2503 pluri-

338 2508 475 2578 mis
492 2500 690 2572 radiis
708 2500 963 2572 aditum
978 2525 1118 2570 non
1139 2499 1465 2597 praebeant
1482 2506 1539 2579 §.
1565 2507 1764 2595 795.)
2017 2517 2023 2523 ’
2118 2571 2121 2575 ,

459 2629 484 2673 1
496 2626 631 2686 003
647 2648 667 2671 .
715 2603 792 2672 Μ
801 2599 942 2671 inus
962 2621 1183 2668 tamen
1198 2621 1425 2697 aptum
1444 2598 1814 2692 subjeClum
1824 2599 1915 2667 est
1927 2597 2312 2698 recipiendo
2315 2602 2450 2693 fimo
2469 2641 2492 2674 ‚
2505 2596 2645 2665 hoc
2659 2598 2778 2682 est,

335 2701 639 2778 tremulo
662 2709 734 2772 δε
753 2695 1014 2770 vibrato
1032 2704 1245 2767 motui
1309 2748 1327 2766 .
1343 2703 1511 2792 948.

460 2822 670 2896 1004.
725 2803 1072 2970 (petriam
1114 2821 1219 2867 cra
1269 2822 1443 2868 rores
1483 2822 1559 2868 ac
1597 2793 1914 2868 tardiores
1932 2805 2068 2894 ejus
2097 2819 2313 2898 partes
2328 2791 2468 2870 sunt
2483 2796 2776 2898 partibus

336 2909 514 2980 ae’ris
529 2953 553 2989 ‚
595 2924 668 2972 ut
693 2904 758 3000 ip
785 2925 823 2970 a
846 2898 1094 2971 horum
1126 2922 1483 2995 corporum
1513 2894 1876 2998 produdkio
1908 2897 2292 2986 nos¹docuit
2326 2898 2388 2997 §.
2412 2907 2493 2993 83
2515 2929 2577 2999 3.
2601 2901 2767 2998 844.

336 3011 519 3102 851.
572 2999 821 3075 Vide&
863 3000 1301 3097 §.263.881.
2163 3057 2166 3060 .
2481 3063 2486 3068 ,
2537 3033 2542 3039 ·

466 3131 494 3176 ι
511 3130 604 3174 oo
617 3127 679 3194 5.
729 3097 1033 3172 Vibratio
1054 3120 1271 3169 autem
1289 3150 1311 3183 ,
1328 3123 1474 3197 quae
1491 3094 1725 3170 sonum
1743 3097 1972 3179 efficit,
1994 3096 2123 3169 fine
2140 3097 2465 3171 celeritate
2487 3124 2624 3171 non
2644 3100 2735 3171 est
2753 3154 2780 3186 ,

335 3207 515 3281 cum
544 3202 732 3272 sonus
754 3226 891 3272 non
914 3224 1046 3273 tam
1070 3198 1106 3270 εὶ
1127 3204 1485 3296 quar-,ritate
1507 3196 1779 3298 subjecti
1803 3197 2069 3269 mobilis
2087 3249 2108 3274 .
2141 3199 2335 3295 quim
2357 3200 2391 3270 εἰ
2415 3205 2775 3295 quantitate

331 3302 683 3413 graduum
702 3298 889 3400 ipsius
908 3324 1127 3373 motus
1189 3298 1427 3371 e-ndear
1444 3301 1505 3400 §.
1537 3327 1571 3371 2
1588 3327 1625 3370 2
1642 3328 1665 3373 1
1683 3352 1698 3369 .
1744 3299 2076 3384 Nimirum
2096 3305 2255 3372 aeris
2270 3324 2489 3372 morus
2506 3353 2527 3385 ‚
2546 3323 2780 3397 quate-

331 3434 475 3487 nus
499 3426 728 3478 ventus
749 3400 982 3473 dicitur
1005 3453 1028 3484 ,
1068 3426 1146 3470 va
1179 3397 1346 3471 'dior
1370 3453 1393 3486 ‚
1430 3423 1751 3497 quatenus
1771 3393 1961 3469 sonus
1980 3452 2001 3484 ‚
2041 3400 2312 3472 celerior
2333 3402 2395 3499 §.
2422 3427 2447 3470 2
2470 3426 2584 3486 27.
2603 3396 2780 3495 seqq.

450 3519 668 3586 1006.
720 3505 901 3571 Hinc
925 3504 1098 3572 venti
1119 3551 1141 3585 ,
1165 3506 1463 3596 quamvis
1491 3498 1704 3569 multo
1725 3494 2025 3569 latiorem
2047 3506 2208 3570 ae'ris
2229 3522 2538 3570 moveant
2565 3505 2783 3596 regio-

340 3625 519 3687 nem
539 3657 563 3691 ,
588 3602 788 3700 quam
804 3601 896 3671 lin
986 3625 1023 3671 a
1044 3603 1330 3670 canentis
1348 3620 1458 3670 aut
1471 3595 1884 3670 vociferantis
1899 3643 1920 3679 ‚
1944 3626 2080 3671 non
2101 3624 2321 3672 tamen
2341 3593 2623 3670 sonitum
2643 3622 2789 3670 tan-

332 3737 501 3789 tum
520 3708 721 3776 cient.
774 3705 856 3772 Et
898 3696 1077 3772 ensus
1092 3695 1294 3770 docet
1310 3752 1332 3784 ,
1360 3694 1590 3770 sonum
1608 3702 1678 3768 in
1695 3705 1838 3770 a'e‘re
1862 3698 2131 3772 celerius
2147 3751 2169 3785 ,
2201 3700 2401 3797 quam
2424 3697 2698 3769 circulos
2714 3701 2784 3767 in
2858 3703 2873 3719 '

336 3834 532 3914 aqua
547 3805 918 3905 propagari.
964 3813 969 3820 “
1002 3838 1011 3844 ·
1149 3845 1152 3850 -
2647 3863 2648 3866 ,

404 3931 411 3938 ·
452 3936 492 3987 ι
508 3928 684 3993 007.
732 3901 915 3979 Cum
946 3905 1143 4003 igitur
1162 3923 1355 4000 aqua
1383 3893 1526 3974 soni
1552 3891 1631 3969 fit
1655 3898 1869 3972 minus
1893 3919 2092 4002 capax
2103 3898 2303 4000 quam
2325 3902 2433 3970 ae‘t
2453 3941 2477 3975 2
2513 3891 2790 4061 maRife-

1750 4004 1814 4071 K
2357 4059 2366 4070 ,
2677 4007 2792 4059 um
