3391 4418
906 113 2188 204 C-oNrRAcTA.
2680 136 2776 219 81

348 241 489 314 veri
509 228 800 334 primum
813 233 1121 328 incipiant
1147 231 1372 326 (Saepe
1393 228 1662 326 quidem
1683 224 1914 301 sufficit
1926 233 2568 331 diversormncorporum
2585 241 2785 339 mista..

352 363 425 411 ra
442 391 463 423 ,
503 338 604 405 'uti
619 330 908 402 videmus
926 333 996 400 in
1016 326 1193 399 calce
1208 352 1378 426 aqua
1398 323 1714 428 adspersa)
1736 357 1754 399 ε
2416 368 2419 377 ·

463 464 493 510 1
519 463 542 506 1
568 461 590 504 1
617 459 674 504 1.
724 432 900 502 Nam
917 428 1231 500 sitantum
1249 435 1534 500 materiae
1543 433 1738 528 primi
1756 428 2067 505 elementi
2086 462 2228 512 tota
2263 444 2592 531 innatent,
2621 470 2779 544 pro-

358 543 536 611 tinus
547 530 947 604 celerrimam
971 534 1398 632 agitationem
1423 534 1772 628 acquirunt
1793 527 1899 603 seu
1920 536 2276 633 ignescunt.

465 664 491 707 1
511 661 581 706 1⁶1
598 662 665 705 2.
711 637 807 705 Ita
840 630 998 703 dum
1023 631 1227 703 culter
1241 627 1425 730 super
1437 629 1621 731 ligno
1642 655 1755 703 aut
1777 627 1997 732 lapide
2015 648 2298 721 aeuitur,
2335 641 2403 714 id
2423 645 2513 715 est
2532 690 2556 721 ‚
2593 643 2768 719 ultro

352 745 649 833 citroque
685 733 927 805 diutius
955 739 1167 834 agitur
1186 783 1207 815 ‚
1249 738 1459 803 varius
1491 731 1599 803 ille
1629 756 1850 803 motus
1875 735 2166 813 calorem
2184 768 2240 815 c.
2268 745 2304 817 8
2326 770 2424 831 17·
2458 745 2768 844 quando-

348 864 478 938 que
494 839 696 906 etiam
715 840 888 933 Ignis
906 831 1201 905 scintillas
1214 831 1548 929 producit.

450 966 474 1009 1
497 965 520 1008 1
544 965 571 1011 1
593 963 655 1025 3.
701 937 857 1005 Nec
880 931 1098 1006 obstat
1117 931 1308 1028 quod
1327 938 1551 1032 exigua
1568 934 1779 1007 solum
1794 945 2119 1034 quantitas
2133 940 2323 1043 hujus
2342 950 2623 1017 materias
2637 952 2767 1018 cii·-

329 1065 418 1110 ⁴ca
438 1033 766 1110 terrestres
785 1030 1133 1132 particulas
1154 1028 1310 1127 saepe
1329 1038 1644 1130 reperitur
1661 1092 1680 1116 ‚

333 1146 360 1167 ⁰
436 1166 462 1209 1
492 1165 516 1209 1
542 1161 653 1229 14.
709 1135 1024 1225 Namque
1056 1136 1148 1202 uti
1177 1134 1358 1199 navis
1377 1155 1515 1202 non
1538 1135 1755 1207 minus
1776 1134 1965 1211 facile
1983 1138 2235 1215 cursum
2255 1142 2547 1213 fluminis
2564 1138 2769 1241 scqui-

340 1262 443 1309 tut
467 1239 527 1335 §.
552 1237 712 1329 284.
743 1228 859 1302 ubi
883 1253 1013 1300 tani
1036 1230 1376 1325 angustum
1397 1231 1484 1299 est
1507 1256 1579 1301 ut
1600 1238 2081 1335 ripasutrinque
2102 1237 2238 1310 sere
2258 1249 2556 1337 attingat,
2575 1246 2772 1338 quam

343 1336 461 1405 ubi
490 1335 580 1402 est
605 1327 980 1401 latissimum
1008 1357 1034 1398 ,ε
1080 1334 1170 1396 ita
1202 1326 1527 1425 particulae
1559 1334 1881 1403 terrestres
1916 1334 2263 1431 sequuntur
2299 1348 2547 1409 curium
2574 1346 2770 1439 primi

343 1431 656 1502 elementi
674 1480 692 1507 ‚
722 1425 1097 1509 dummodo
1120 1432 1459 1522 cingantur
1480 1422 1564 1492 ab
1588 1450 1702 1494 eo.

463 1555 488 1597 ι
516 1555 538 1599 ι
563 1554 587 1595 1
607 1554 637 1619 5
654 1576 672 1595 .
691 1528 845 1595 Nec
862 1524 1116 1607 tantum
1132 1520 1466 1596 collifione
1481 1532 1553 1596 δε
1572 1548 1765 1597 motu
1781 1531 1848 1598 in
1873 1553 2054 1602 terrae
2071 1529 2431 1631 superficie,
2448 1532 2554 1608 scd
2570 1541 2769 1611 etiam

321 1632 421 1700 *in
458 1622 593 1721 ejus
627 1622 1194 1724 cavitatibusignis
1209 1625 1427 1733 potest
1440 1625 1711 1696 accendi
1728 1672 1752 1702 ‚
1797 1653 1869 1701 ut
1888 1633 2038 1703 cum
2060 1629 2354 1707 {uxorum
2389 1634 2487 1706 vel
2514 1636 2763 1713 silicum

343 1726 709 1829 fragmenta
740 1753 816 1797 ex
833 1729 1180 1797 cavitatum
1195 1722 1557 1799 fornicibus
1574 1730 1643 1795 in
1661 1723 2040 1805 substratum
2062 1731 2272 1807 solum
2291 1735 2606 1811 decidunt
2627 1747 2757 1812 δίε.

451 1855 477 1898 1
501 1853 526 1896 1
548 1830 660 1900 16.
708 1831 790 1897 Et
827 1825 983 1896 hinc
1000 1831 1301 1897 oriuntur
1325 1838 1501 1893 Terra
1520 1847 1698 1896 motus
1716 1880 1737 1913 ,
1775 1838 2036 1927 quoties
2057 1839 2365 1907 nimirum
2382 1844 2652 1937 pingues
2669 1838 2764 1912 ibi

341 1935 414 2001 δι
450 1923 633 1998 craffi
669 1924 829 1998 sumi
865 1925 951 1997 ab
989 1931 1153 2026 ignis
1183 1923 1401 2023 aliqua
1419 1921 1691 1998 stintilla
1711 1931 2177 2007 accenduntur.
2231 1938 2413 2010 Nam
2431 1942 2523 2009 ita
2543 1936 2757 2012 subito

336 2024 632 2100 rarefatsti
654 2052 886 2099 omnes
904 2030 1169 2099 carceris
1189 2022 1281 2095 sui
1300 2032 1575 2125 parietes
1590 2053 1825 2128 magna
1843 2037 1903 2104 vi
1923 2042 2328 2111 concutiunt.

429 2155 457 2201 1
481 2153 506 2197 1
530 2152 634 2222 17.
689 2127 1084 2200 Illustrantur
1101 2124 1239 2197 haec
1257 2133 1323 2197 &
1346 2124 1685 2199 firmantur
1705 2132 2021 2206 cuniculis
2046 2136 2433 2211 militaribus
2455 2193 2477 2226 ,
2511 2138 2756 2240 quibus

326 2227 641 2302 immissus
657 2229 864 2329 pulvis
882 2230 1348 2301 tormentarius
1370 2253 1565 2327 atque
1591 2230 1890 2305 accensus
1907 2290 1933 2321 ‚
1964 2242 2460 2340 propugnacula
2480 2248 2545 2313 δι
2577 2267 2756 2314 arces

325 2336 400 2404 ’δέ
420 2334 728 2400 maximas
742 2336 1071 2401 montium
1088 2353 1281 2427 rupes
1298 2326 1556 2426 disjicit.

435 2453 463 2500 1
485 2454 510 2498 1
534 2435 643 2501 18.
695 2432 1048 2527 Contingit
1083 2434 1280 2498 etiam
1314 2426 1716 2525 aliquando,
1756 2430 1913 2504 cuni
1948 2456 2132 2506 terrae
2173 2461 2401 2511 motus
2434 2439 2637 2522 fiunt,
2680 2463 2755 2512 ut

322 2549 511 2625 parte
523 2552 707 2598 terrae
723 2524 991 2617 disjeeta
1015 2534 1084 2597 δε
1098 2550 1320 2623 aperta
1334 2571 1355 2605 ,
1372 2527 1642 2598 flamma
1647 2555 1772 2625 per
1784 2539 1940 2631 juga
1950 2539 2291 2617 ,montium
2304 2538 2366 2632 ς,
2386 2544 2424 2609 8
2435 2563 2475 2623 7
2487 2565 2556 2607 0,
2571 2536 2750 2634 seqq,

318 2624 562 2698 caelum
578 2621 788 2696 versus
814 2635 1138 2722 erumpat.

437 2755 462 2799 1
487 2754 509 2798 1
534 2752 644 2815 19·-
698 2722 804 2795 Ab
843 2721 1107 2824 ignibus
1136 2746 1414 2820 quoque
1445 2720 1872 2795 subterraneis
1896 2720 2117 2796 fontes
2156 2724 2349 2799 calidi
2394 2727 2501 2802 seu
2541 2733 2760 2804 therma

316 2831 663 2904 oriuntur,
698 2824 857 2897 dum
884 2850 1003 2925 per
1037 2822 1287 2895 canales
1319 2828 1468 2923 igne
1503 2823 1840 2896 aestuantes
1870 2850 2038 2924 aqua
2069 2826 2372 2900 transiens
2408 2829 2754 2908 incalescit.

313 2936 427 3006 Mi
437 2931 598 3000 stura
616 2924 1217 3025 heterogeneorum
1238 2919 1796 3023 corpusculorum,
1815 2951 1934 3024 per
1948 2922 2526 3004 fermentationem
2548 2958 2758 3029 quan-

317 3032 477 3105 dam
501 3073 524 3106 ‚
549 3024 835 3099 eundem
849 3033 916 3096 in
933 3028 1117 3122 aquis
1138 3019 1443 3095 effcdlzum
1463 3024 1831 3123 producere
1849 3028 2088 3125 potest.
2124 3029 2381 3129 Repete
2398 3033 2455 3130 §.
2481 3059 2506 3104 1
2526 3057 2548 3103 1
2568 3061 2674 3106 10.

429 3157 456 3202 1
478 3155 630 3202 120.
682 3125 892 3200 Porro
920 3129 983 3195 in
1005 3121 1323 3224 agitandis
1341 3124 1741 3224 corporibus
1770 3124 2174 3197 terrestribus
2196 3181 2218 3214 ,
2250 3156 2377 3229 pro
2400 3157 2640 3205 eorum
2658 3132 2761 3206 di-

312 3226 614 3303 versitate
631 3279 653 3311 ‚
695 3231 860 3324 Ignis
878 3225 1185 3296 ordinem
1210 3233 1278 3295 &
1291 3224 1524 3323 gradus
1536 3222 1734 3297 hosce
1754 3222 2037 3321 {equitur
2058 3226 2123 3326 §.
2157 3251 2183 3296 1
2211 3255 2320 3320 ¹4·

427 3357 449 3403 1
472 3357 499 3403 1
519 3356 554 3399 2
569 3357 593 3401 1
609 3379 626 3398 .
646 3330 697 3398 1.
715 3332 780 3399 Si
803 3351 1083 3423 corpora
1096 3323 1395 3395 constant
1406 3324 1740 3424 particulis
1758 3324 2026 3394 craffitie
2046 3351 2120 3396 ac
2134 3333 2449 3404 tenuitate
2469 3332 2750 3407 multum

308 3423 1152 3524 differentibus&pleri123ue
1170 3423 1632 3508 ramolis‚inter
1646 3448 1807 3519 quas
1820 3422 2022 3522 ampli
2036 3434 2741 3529 meatusinterjaceant.

424 3558 456 3602 1
481 3557 502 3605 ι
523 3556 632 3600 22.
680 3528 799 3598 Uti
823 3523 995 3624 ligna
1019 3579 1040 3610 ‚
1081 3521 1366 3621 caespites
1383 3530 1452 3593 δε
1474 3520 1703 3592 similia
1723 3576 1744 3608 ‚
1778 3521 2011 3622 quibus
2028 3526 2230 3626 vulgo
2248 3534 2410 3628 ignis
2431 3533 2659 3609 alitur,

421 3659 450 3702 1
472 3657 498 3702 1
520 3657 633 3719 23.
689 3629 1227 3698 Commoventur
1264 3632 1336 3692 &
1381 3618 1791 3720 abripiuntur
1820 3626 2037 3723 primo
2079 3650 2294 3724 partes
2335 3627 2754 3710 tenuissimae,

308 3731 546 3804 deinde
567 3726 932 3814 mediocres
952 3747 1303 3819 earumque
1327 3743 1453 3819 ope
1474 3719 2287 3819 ctassiores,relinquuntut
2308 3730 2570 3801 tandem
2588 3730 2754 3802 cras-

307 3829 558 3908 'fissimae
581 3875 602 3906 ,
627 3826 693 3899 id
714 3827 839 3914 est,
863 3828 1087 3906 cineres.
1728 3873 1733 3876 —
2448 3885 2453 3888 .
2566 3865 2567 3868 π
2686 3891 2691 3894 ,

408 3958 487 4012 11
507 3958 621 4030 24.
671 3934 774 4004 Ita
843 3924 997 4000 cum
1051 3923 1421 3996 incenditur
1457 3917 1685 4024 caespes
1720 3975 1740 4005 ‚
1810 3924 2031 4020 ptimo
2080 3927 2294 3999 tenuis
2331 3934 2400 4000 &
2441 3923 2621 4025 quali
2654 3924 2760 3998 fn-

1812 4027 1871 4093 L
2628 4037 2760 4116 gax
2852 4035 2857 4040 ’
