3391 4418
521 4033 528 4042 ’
612 4041 779 4116 stio-

620 123 791 222 394
1120 96 2590 189 Co·R·1³on1813·rAu1Mae

723 220 755 297 ἰ
777 247 840 294 1.
885 219 1000 295 Ex'.
1035 242 1137 320 gr·
1213 219 1320 289 uia
1354 214 1516 291 dum
1536 212 1768 291 oculus
1781 232 2039 287 movetur
2056 210 2093 286 ὰ
2112 210 2365 287 lumine
2387 211 2563 286 Solis
2580 265 2605 301 ,
2633 235 2824 292 mens
2840 226 3071 320 jun&

617 312 892 425 ’corpori
924 318 1112 392 fimul
1209 319 1393 417 iquid
1416 320 1656 415 percipit
1677 369 1700 403 ‚
1725 312 1909 388 fimul
1925 317 2197 417 judicat,
2231 336 2360 389 tres
2382 313 2722 415 istiaQus,
2759 318 3065 425 corporis

617 423 889 503 affestio
904 420 1010 496 seu
1027 425 1359 519 receptio,
1380 423 1582 493 animi
1598 420 1942 521 perceptio
1958 468 1983 505 ,
1999 425 2073 491 &
2093 413 2439 517 judicium.
2459 431 2589 519 pro
2614 445 2756 494 uno
2787 425 3085 502 eodem-.

620 554 752 630 que
784 548 1186 628 reputantur,
1202 546 1397 622 atque
1418 549 1555 597 uno
1579 517 1769 601 Visus
1789 519 2060 593 nomine
2077 524 2552 620 exprimuntur.
2602 522 2784 599 Vide
2802 524 3062 607 Theot,

621 636 772 709 viv.
792 634 832 703 8
853 657 875 704 ι
885 654 954 721 9.
982 637 1145 721 976.
1169 651 1205 713 9
1219 650 1257 714 9
1271 637 1333 697 6.
1355 633 1425 698 &
1449 629 1709 727 Logicae
1724 621 2106 725 Prolegom.
2126 621 2189 723 §.
2206 647 2327 718 70.
2345 616 2494 722 sqq.
3041 624 3070 632 “

730 758 757 801 1
776 757 844 804 2.
890 735 1000 802 Sic
1032 726 1316 799 dicimus
1330 776 1353 813 ‚
1376 750 1498 799 nos
1518 730 1718 798 audire
1737 725 2080 798 hominem
2103 723 2287 795 illum
2305 722 2459 796 talia
2475 723 3061 821 jamaffirmamem

622 830 778 903 licet
807 855 958 900 eum
991 852 1131 900 non
1163 826 1499 899 videamus
1524 881 1547 915 ,
1581 824 1724 899 solo
1765 826 2034 898 audiendi
2070 821 2278 896 verbo
2315 822 2962 923 comprehendentes
3001 860 3066 907 1.

624 928 818 1030 quod
854 954 1038 1001 aures
1075 929 1302 1001 nostrae
1319 952 1707 1002 moveantur
1727 928 1763 999 εὶ
1794 924 2079 1000 tremulo
2100 950 2174 997 ac
2203 920 2462 997 vibrato
2478 928 2649 997 a’e'te.
2678 952 2735 999 2.
2761 928 2957 1028 quod
2980 954 3062 1007 ex

627 1057 710 1103 eo
729 1054 914 1100 mens
932 1028 1182 1128 aliquid
1203 1033 1517 1129 percipiat
1540 1037 1608 1101 &
1635 1027 1957 1127 intelligat
1975 1079 2001 1112 ,
2040 1049 2117 1096 ac
2137 1050 2205 1119 3.
2222 1023 2508 1122 denique
2529 1024 2779 1119 judicet
2799 1054 3058 1104 certum
3092 1045 3101 1055 ‘

624 1129 804 1202 hunc
830 1125 951 1201 effe
976 1128 1321 1201 hominem
1343 1135 1456 1227 qui
1474 1130 1592 1200 ista
1612 1123 1929 1228 proferat.
1978 1123 2280 1223 Qando
2306 1132 2482 1196 enim
2502 1122 2644 1196 talis
2667 1151 2894 1202 aurem
2914 1129 3060 1206 ferit

624 1226 856 1316 sonus,
876 1232 1081 1329 qualis
1104 1255 1296 1303 antea
1310 1227 1534 1327 saepius
1550 1274 1572 1304 ‚
1607 1224 2069 1300 ratiocinando
2094 1222 2465 1324 colligimus
2485 1222 2776 1300 eundem
2794 1228 2915 1304 effe
2932 1229 3057 1303 ho·
3162 1228 3167 1233 ’

623 1328 877 1404 minem
912 1336 1034 1429 qui,
1061 1354 1274 1404 antea.
1331 1327 1551 1429 Qod
1579 1326 1851 1429 quidem
1883 1325 2205 1426 judicium
2230 1326 2688 1400 dianoeticum
2704 1327 2792 1402 ad
2813 1327 3054 1404 sensum

623 1431 885 1505 auditus
907 1456 1061 1505 tunc
1087 1428 1424 1504 referimus
1443 1429 1825 1527 eodemque
1846 1424 2183 1502 vocabulo
2214 1423 2633 1501 denotamus.
2682 1430 2892 1503 Etiam
2916 1454 3053 1504 uno

621 1531 961 1630 affirmandi
975 1530 1183 1606 verbo
1206 1536 1275 1603 in
1294 1531 1537 1604 eodem
1554 1527 1855 1602 sermone
1877 1536 1950 1602 δε
1974 1532 2105 1601 oris
2120 1549 2383 1599 motum
2399 1533 2471 1598 δε
2489 1531 2695 1602 animi
2713 1536 3057 1634 cogitatio-

625 1655 783 1708 nem
802 1683 824 1723 ,
857 1659 1003 1737 quae
1020 1640 1090 1709 in
1112 1631 1477 1709 affirmante
1499 1652 1901 1706 concurrunt
1918 1683 1941 1716 ,
1974 1626 2432 1729 fignificamus.

1378 1814 1459 1896 C
1514 1838 1566 1895 A
1630 1841 1702 1896 P.
1818 1804 2306 1899 XXVIII.

859 1974 984 2041 Ex
996 1960 1123 2067 isto
1140 1967 1474 2072 temporis
1490 1953 2291 2068 concursiestngularem
2311 1953 2840 2058 conjunei‘ionis

1324 2066 1540 2181 hujus
1555 2071 2054 2149 excellentiam
2074 2065 2369 2150 elucere.
2764 2074 2770 2082 ’

633 2241 707 2310 ἰι.
893 2235 956 2306 X
990 2238 1066 2308 iis
1099 2258 1243 2334 quae
1279 2229 1366 2306 de
1407 2236 1727 2333 temporis
1764 2230 2084 2307 concursu
2115 2283 2140 2318 ,
2182 2255 2501 2331 quantum
2533 2225 2618 2300 ad
2655 2234 2957 2330 corporis
2994 2241 3069 2310 δε

631 2329 644 2337 ’
729 2246 1092 2413 Eanimi
1118 2337 1300 2407 aetus
1316 2380 1343 2415 ‚
1370 2334 1651 2408 diximus
1671 2386 1694 2420 ,
1730 2336 2229 2430 conjunfflonis
2256 2333 2450 2432 hujus
2483 2326 2890 2409 admirabilis
2921 2335 3073 2438 per.

630 2434 839 2513 festio
877 2463 1056 2514 nova
1096 2444 1170 2511 δε
1205 2441 1568 2510 attentione
1609 2432 1978 2536 digniffima
2014 2429 2378 2537 consurgit,
2411 2456 2557 2533 quae
2575 2425 2774 2509 nobis
2801 2433 3072 2514 duode-

634 2563 836 2615 elma.

683 2623 688 2629 ’
735 2668 807 2715 2.
858 2642 1040 2715 Nam
1059 2663 1132 2713 ut
1150 2659 1400 2712 taceam
1414 2694 1432 2721 ,
1453 2637 1791 2738 vestigium
1807 2634 2153 2736 quoddam
2173 2636 2378 2714 divini
2395 2639 2654 2742 imperii
2670 2639 2742 2710 in
2756 2634 2871 2710 ista
2887 2647 3073 2711 men-3

631 2746 711 2814 tis
727 2741 1027 2814 humanae
1044 2744 1216 2811 circa
1237 2765 1357 2811 cor
1406 2745 1536 2812 oris
1551 2737 1852 2810 membra
1870 2743 2258 2838 operatione
2276 2739 2591 2821 relucere,
2615 2742 2802 2832 (Deo
2818 2742 3065 2840 quippe

632 2837 893 2911 dicente
913 2892 935 2925 ,
968 2840 1060 2911 est
1076 2765 1538 2938 quicquidest,
1573 2836 1713 2938 ipso
1732 2841 2149 2940 praecipientc
2171 2839 2378 2916 existit
2397 2836 2581 2916 illico
2610 2838 3066 2940 quodcunque

633 2936 722 3012 ab
743 2934 885 3041 ipso
913 2961 1226 3014 vocatum
1250 2943 1324 3008 in
1343 2935 1669 3010 mundum
1687 2942 1935 3034 venit.)
2592 2999 2595 3004 .

738 3073 804 3139 3.
851 3039 1080 3112 Multo
1112 3033 1672 3140 imperfedziorem
1707 3037 1886 3111 illam
1905 3045 1975 3114 in
1997 3039 2231 3128 rebus,
2263 3043 2542 3141 quarum
2561 3035 2895 3146 prasentia
2913 3060 3070 3112 mu-

633 3159 748 3211 tua
781 3136 1182 3209 desideratur
1200 3190 1222 3223 ,
1253 3134 1382 3210 effe
1417 3142 1735 3210 unitatem
1756 3190 1779 3225 ,
1814 3138 1932 3214 ubi
1956 3146 2141 3217 aetus
2159 3143 2392 3242 aliquis
2414 3139 2602 3217 alteri
2625 3142 2899 3216 demum
2918 3139 3067 3242 post

634 3241 957 3337 temporis
985 3235 1327 3335 quoddam
1349 3236 1762 3312 intervallum
1786 3237 2140 3343 respondet
2158 3289 2182 3327 ‚
2217 3269 2293 3316 ex
2308 3240 2610 3345 pluribus
2631 3287 2657 3322 2
2685 3241 2932 3344 quibus
2947 3240 3065 3316 hu-

483 3349 499 3356 ‘
629 3362 828 3412 mana
854 3337 1107 3410 constat
1127 3345 1198 3410 δε
1225 3335 1572 3437 colligatur
1595 3335 1907 3429 societas,
1945 3341 2184 3416 officiis
2253 3341 2494 3416 arescit.

726 3469 801 3533 4.
819 3437 1108 3515 Attende
1128 3460 1472 3511 nautarum
1490 3437 1678 3511 fimul
1698 3447 2180 3543 remigantium,
2197 3370 2553 3518 §ominum
2576 3438 2863 3515 eandem
2888 3464 3069 3516 cam-

630 3565 870 3641 panam
902 3540 1215 3712 distinlffis
1246 3533 1509 3612 funibus
1525 3537 1924 3617 trahentium
1944 3598 1968 3632 ,
2002 3568 2115 3617 aut
2135 3549 2670 3633 concinentium,
2708 3542 2974 3645 aliaque
2993 3538 3063 3612 id

638 3666 843 3742 genus
858 3667 1087 3743 exemp
1155 3696 1173 3715 .

631 3835 676 3910 f
742 3765 810 3831 5.
860 3741 1204 3860 deiu
1234 3742 1420 3818 tarde
1460 3748 1532 3816 &
1562 3764 1717 3914 cutlr:
1751 3738 2135 3819 difficultate
2170 3745 2479 3866 intelligis
2509 3742 2714 3821 verba
2749 3771 2897 3864 quae
2912 3768 3071 3847 pto.-

645 3843 2340 4056 ἕιῗὲἶῖἱξ,ἔῖιῗέἓίἒὲἰιξέἳῖἔῖοὲἱῖιῗὲεῗῖιῗὲῗῗ
2357 3843 3074 4123 ὒὶῖῗΐς’ἔὲἓὲξ

1161 4064 1166 4068 ,
2362 4085 2368 4092 ο
2882 4092 2905 4122 0
2990 4066 3059 4121 m
