3391 4418
1029 104 1750 206 Puvsrca
1863 114 2093 206 XII.
2661 148 2815 231 ¹³7

365 227 564 308 ‘sicuti
595 225 848 303 cunffis
866 221 1246 301 hominibus
1267 222 1677 325 manifestum
1694 232 1786 302 est
1801 277 1826 310 ‚
1867 230 2007 303 dari
2025 230 2370 307 Materiam
2390 228 2709 306 extensam
2726 261 2808 308 ac

375 328 787 404 divisibilem.
825 354 893 425 4.
916 332 1126 426 Cujus
1163 351 1296 401 tam
1338 326 1507 401 clara
1529 329 1722 403 detur
1734 332 2034 405 definitio
2054 378 2080 412 ‚
2119 358 2252 406 tam
2275 334 2615 406 distinctus
2638 360 2803 409 con-

373 455 642 532 ceptum,
681 430 883 529 quam
923 435 943 500 i
993 427 1114 501 lius
1150 430 1474 504 Materiae.
1541 435 2019 533 Principiorum
2053 441 2294 535 quippe
2319 434 2460 508 haec
2479 434 2569 505 est
2585 442 2797 535 prima

369 538 609 609 virtus,
654 529 902 604 utclara
1014 554 1040 601 t
1060 554 1134 600 ac
1149 526 1509 631 perspicua.
1562 530 1861 607 Obscura
1876 542 2052 606 enim
2075 544 2145 608 δι
2168 535 2428 609 occulta
2443 532 2490 605 fi
2510 530 2752 609 filerint
2767 591 2791 624 ‚

369 632 459 706 ad
478 631 834 733 aliaignota
856 626 1317 731 cognoscenda
1332 658 1455 705 nos
1471 630 1714 705 ducere
1739 660 2095 736 nequeunt.

453 768 468 795 π
514 788 532 806 .
586 740 808 832 ltaque
828 730 872 804 fi
892 735 1039 831 quis
1062 728 1365 826 Physicus
1387 728 1496 805 hic
1517 734 1713 806 nobis
1732 733 2039 834 loquatur
2058 734 2141 807 dc
2163 744 2369 808 Formis
2389 732 2783 835 quibusdam

341 761 794 933 scaldiamialebm
824 831 926 905 vel
950 835 1171 903 occultis
1197 835 1563 923 qualisnam
1574 859 1684 907 aut
1705 833 2015 910 similibus
2031 890 2050 921 ,
2085 863 2368 935 quorum
2384 842 2649 937 propria
2668 863 2788 909 na-

357 958 501 1008 tura
535 930 735 1007 sensus
758 928 1016 1006 nostros
1034 973 1055 1010 ‚
1090 932 1229 1002 imo
1263 930 1665 1006 intellectum
1702 931 1869 1038 fugit
1887 988 1910 1023 ,
1955 962 2137 1009 aures
2175 938 2232 1006 ei
2268 936 2781 1011 accommodare

350 1061 493 1108 non
512 1034 846 1135 possumus
864 1084 886 1116 ‚
921 1027 1109 1126 quod
1131 1037 1488 1102 etiamnum
1511 1038 1735 1107 incerti
1754 1041 1944 1108 limus
1964 1088 1983 1120 ‚
2023 1062 2179 1108 num
2203 1032 2523 1133 ejusmodi
2544 1043 2783 1134 princi-

349 1142 471 1237 piis
488 1136 614 1209 ulla
630 1158 710 1206 ex
726 1152 1010 1229 quatuor
1023 1128 1156 1219 jam
1173 1128 1496 1200 recensitis
1512 1133 2007 1209 conditionibus
2020 1140 2394 1208 conveniat.
2413 1136 2662 1232 Neque
2682 1161 2782 1209 ta·

354 1262 511 1308 men
537 1236 696 1306 idco
733 1224 1269 1328 reprehendimus
1304 1225 1454 1299 illos
1471 1272 1494 1307 ³
1550 1231 1790 1325 quibus
1829 1234 1979 1304 talia
2019 1235 2342 1319 arrident3
2389 1236 2546 1329 quin
2581 1242 2780 1309 etiam

352 1334 750 1433 spondemus
781 1381 802 1412 ‚
832 1349 955 1396 nos
974 1326 1207 1395 eadem
1227 1349 1604 1423 recepturos
1624 1338 1985 1429 principia„
2020 1329 2066 1400 fi
2081 1330 2432 1403 fortaffisin
2446 1333 2778 1432 progressu

358 1425 1003 1529 contemplationum
1051 1424 1415 1495 nostrarum
1451 1429 1717 1499 virtutes
1754 1454 1974 1499 earum
2017 1428 2246 1502 clarius
2285 1428 2482 1503 nobis
2514 1439 2778 1505 innote-

351 1527 548 1601 scant.
2099 1579 2111 1594 .

463 1654 529 1725 5.
576 1632 641 1701 Si
673 1631 815 1725 quis
838 1632 1035 1699 etiam
1061 1631 1128 1700 in
1158 1621 1390 1699 scholis
1407 1651 1546 1698 non
1563 1627 1880 1700 institutus
1898 1672 1924 1706 a
1959 1656 2102 1701 non
2122 1627 2235 1700 ista
2252 1627 2609 1705 abstrusa&
2631 1628 2772 1705 scn-

354 1726 492 1801 sum
511 1724 823 1829 fugientia
838 1781 859 1814 ‚
890 1726 995 1800 sed
1014 1729 1050 1800 ὲ
1068 1732 1399 1799 contrario
1420 1727 1536 1798 alia
1556 1725 1964 1803 manifesta&
1990 1726 2300 1802 sensibilia
2313 1783 2335 1813 ,
2353 1725 2771 1807 lucem‘vide-

343 1826 507 1900 licet
527 1836 596 1901 &
618 1826 919 1900 colorem
937 1879 958 1913 ,
994 1824 1225 1898 sonum
1246 1879 1268 1912 ,
1302 1825 1579 1900 odorem
1598 1882 1619 1913 ‚
1649 1826 1987 1926 saporem,
2028 1830 2316 1903 calorem
2339 1885 2362 1920 ‚
2396 1830 2593 1934 frigus
2620 1836 2769 1905 reli-

345 1932 634 2027 quasque
666 1922 914 2001 taCtiles
936 1926 1272 2027 qualitates
1292 1980 1314 2013 ,
1350 1925 1549 2000 veluti
1568 1934 1881 2029 genuinas
1903 1955 2115 2003 rerum
2142 1926 2611 2034 corporearum
2625 1932 2768 2006 for·

337 2054 487 2100 mas
500 2025 697 2101 nobis
714 2026 1143 2105 ,commendet
1158 2081 1181 2114 ,
1211 2027 1522 2125 equidem
1539 2054 1679 2101 non
1691 2031 2005 2128 loquetur
2017 2028 2257 2131 absque
2279 2040 2555 2109 ratione.
2626 2035 2762 2107 Istis

336 2126 516 2204 enim
562 2127 977 2228 qualitatibus
1033 2128 1527 2202 confidcrandis
1570 2129 1655 2201 ab
1686 2137 1957 2205 incunte
1986 2155 2175 2206 aetate
2206 2132 2512 2209 delectati
2544 2136 2759 2208 sumus

331 2233 616 2305 maxime
645 2284 667 2316 ,
713 2229 874 2302 inde
912 2256 995 2302 co
1079 2255 1276 2303 orum
1301 2237 1675 2303 varietatem
1700 2233 2025 2333 praecipue
2055 2235 2506 2310 aestimavimus
2530 2280 2553 2317 ‚
2579 2234 2761 2309 inde

332 2336 610 2406 nomina
621 2328 814 2404 rebus
829 2335 1014 2429 impo
1083 2337 1282 2402 imus.
1984 2373 1985 2376 π

434 2431 511 2501 6.
561 2428 718 2499 Nos
750 2452 969 2499 tamen
999 2455 1140 2500 non
1173 2428 1342 2524 quid
1376 2426 1654 2502 sentibus
1690 2431 1918 2503 nostris
1946 2433 2260 2534 imprimis
2298 2437 2572 2508 arrideat
2594 2489 2615 2520 ‚
2644 2431 2761 2504 sed

386 2524 502 2600 uid
520 2545 786 2597 maturae
803 2525 1124 2624 probetur
1140 2531 1378 2597 rationi
1398 2529 1583 2599 unice
1603 2525 2077 2615 consectantes,
2099 2560 2395 2604 veremur
2410 2535 2578 2616 istas,
2594 2558 2757 2629 quas

383 2630 616 2699 iximus
636 2677 658 2709 ‚
688 2623 1028 2722 qualitates
1043 2647 1168 2723 pro
1188 2619 1507 2695 facillimis
1528 2636 1598 2697 δε
1619 2633 1845 2725 primis
1862 2632 2198 2725 principiis
2219 2627 2606 2700 formalibus
2626 2637 2754 2718 (taff

319 2728 420 2806 lia
440 2730 622 2798 enim
638 2749 813 2796 nunc
834 2727 900 2794 in
920 2719 1312 2821 corporibus
1327 2729 1710 2820 quaerimus)
1749 2723 2080 2822 amplecti.

323 2895 326 2898 ,
421 2852 504 2914 7.
537 2827 723 2898 Nam
750 2851 776 2898 1
790 2873 808 2894 .
831 2825 983 2896 cum
1000 2824 1300 2896 Materia:
1320 2821 1666 2898 mundanae
1682 2819 1992 2894 immensa
2008 2825 2234 2925 portio
2252 2826 2320 2895 in
2336 2821 2539 2896 sensus
2559 2828 2754 2898 mini-

305 2929 446 3003 me
460 2933 765 3011 incurrat,
784 2920 1106 2996 sensibiles
1119 2922 1719 3025 quali.tates‚utpotc
1741 2949 1884 3021 quae
1902 2951 2040 2999 non
2058 2927 2462 3024 reperiuntur
2481 2922 2755 3024 ubique,

319 3037 475 3128 ejus
506 3022 973 3126 distinguendae
1013 3027 1325 3123 principia
1368 3020 1592 3097 ha‘bcri
1638 3050 1774 3097 non
1796 3023 2081 3124 possunt.
2107 3052 2164 3097 2.
2188 3025 2435 3097 etiamfi
2458 3023 2647 3098 rebus
2673 3054 2759 3098 o-

318 3127 598 3204 mnibus‘
612 3128 711 3198 vel
730 3130 879 3197 achi
900 3125 1008 3204 vel.
1021 3122 1320 3224 potentia
1340 3121 1558 3197 saltem
1584 3123 1851 3198 inessent
1871 3179 1891 3209 ,
1937 3134 2091 3225 quia
2111 3150 2332 3197 tamen
2349 3130 2417 3196 in
2434 3124 2750 3201 relatione

319 3228 421 3308 ad
462 3226 664 3300 sensus
700 3222 1054 3300 consistunt
1078 3243 1108 3305 ‚'
1135 3229 1354 3323 priora
1376 3224 1672 3324 quaedam
1689 3222 1982 3298 absoluta
2001 3237 2072 3300 &
2090 3231 2293 3327 magis
2313 3233 2378 3298 in
2394 3224 2585 3299 rebus
2602 3225 2747 3328 ipsis

313 3329 954 3425 existentiaquoerere
971 3323 1343 3424 oportebit.
1372 3325 1508 3396 Dis
1498 3353 1564 3424 p.
1602 3331 1735 3396 111.
1774 3323 1929 3396 fine.
1966 3331 2048 3399 Et
2089 3354 2140 3416 3.
2169 3335 2467 3425 quamvis
2481 3324 2748 3400 manife-

306 3435 417 3508 sta
454 3427 756 3500 dicantur
773 3423 1048 3497 scnfibus
1071 3443 1088 3504 ‚'
1128 3422 1485 3495 intelledtui
1509 3450 1727 3497 tamen
1744 3421 2254 3524 haudquaquam
2278 3427 2601 3501 evidentia
2621 3431 2744 3501 effe

312 3526 928 3632 deprehenduntur.
983 3524 1234 3622 Ecquid
1269 3530 1443 3595 enim
1476 3522 1615 3596 luce
1638 3523 1995 3596 meridiana
2031 3526 2258 3625 (quod
2284 3534 2483 3600 etiam
2505 3533 2573 3598 in
2588 3555 2749 3627 pro-

306 3628 624 3709 verbium
643 3624 828 3718 abiit)
852 3624 1101 3704 clarius,
1122 3626 1168 3696 fi
1183 3622 1267 3696 ad
1288 3625 1554 3696 oculum
1577 3621 1888 3698 referatur
1911 3643 1932 3696 ἓ
1972 3625 2160 3724 Qid
2179 3650 2398 3700 autem
2416 3626 2750 3704 obscurius

309 3735 532 3808 menti
559 3781 581 3814 ,
612 3724 657 3797 fi
677 3730 1025 3827 genuinam
1042 3723 1201 3796 lucis
1224 3745 1516 3798 naturam
1538 3727 1855 3824 explicare
1877 3724 2262 3821 jubeamur?

304 3887 326 3899 -
422 3831 495 3908 8.
551 3828 730 3927 Ergo
764 3823 1108 3925 qualit-ates
1129 3824 1549 3897 illasmiuime
1566 3826 1830 3921 quidem
1849 3851 2202 3926 negamus,
2243 3832 2488 3925 quiniis
2505 3835 2745 3911 etiam,

307 3930 605 4011 derectis
616 3929 791 4029 ptius
809 3949 1029 4009 earum
1044 3924 1287 4009 naturis
1303 3975 1327 4010 ‚
1365 3921 1529 4016 ufhti
1546 3922 1757 4009 fiamus
1773 3977 1794 4008 ‚
1822 3924 1935 4004 ubi·
1955 3926 2555 4030 deincepsoceasao
2582 3927 2749 4000 tulea

439 4038 444 4043 ’
1389 4033 1406 4040 '
1748 4028 1792 4099 S
2393 4077 2402 4085 .
2645 4028 2754 4091 rit.
