3391 4418
999 110 1190 199 ΡΗ
1254 143 1309 198 v
1372 140 1409 198 s
1469 147 1502 200 1
1562 141 1620 202 c
1676 139 1735 199 A
1847 113 2323 206 XXXIV.
2424 208 2434 221 ,
2697 144 2850 221 269

408 230 603 334 cipue
638 226 939 302 detivasti
961 271 987 306 2
1028 249 1261 328 utpote
1294 225 1330 298 :i
1370 252 1514 325 quo
1540 235 1613 300 δε
1643 224 1788 328 ipsae
1804 229 2037 329 pluviae
2057 255 2360 330 magnam
2378 252 2667 328 partem:
2709 241 2845 309 Ve..

407 359 560 404 rum
597 353 669 403 ut
695 329 948 430 plenius
982 351 1060 397 ea
1088 333 1168 399 de
1189 353 1258 398 re
1279 325 1667 425 periuadear
1684 381 1708 418 ,
1755 336 2016 428 cupiam
2034 330 2216 400 illum
2231 335 2672 430 generationis
2684 329 2838 407 fon.-

411 438 576 504 tium
616 429 896 502 modum
936 424 1246 500 (imilibus
1272 424 1668 525 quibusdam
1689 429 1999 530 exemplis
2022 431 2293 504 ulterius
2313 426 2477 501 mihi
2500 430 2837 509 declarari.

405 528 609 632 Resp.
639 532 948 627 Jam-jam
973 512 1072 598 'de
1104 528 1443 621 Chymicis
1468 525 2444 628 resolutionibusloquebamur
2463 582 2487 616 ‚
2519 532 2555 605 a
2592 531 2832 629 quibus

405 649 591 703 exem
640 631 771 703 lum
801 626 943 701 iaris
976 623 1347 729 appofitum
1376 653 1606 726 capere
1627 627 1851 730 poffis.
1902 622 2085 701 Nam
2104 629 2267 702 ficut
2284 634 2352 700 in
2373 628 2831 705 destillationi.

405 730 533 802 bus
552 755 588 801 a
647 739 790 832 igne
809 726 1141 829 suppofito
1160 754 1235 798 ex
1252 728 1539 801 humidis
1554 726 1948 830 corporibus
1969 728 2160 801 multi
2176 755 2447 829 vapores
2464 756 2582 831 per
2598 729 2832 806 Alem-

404 830 628 908 bicum
665 833 939 909 elevati,
971 833 1042 898 in
1069 824 1380 928 frigidulo
1412 829 1569 902 vafis
1600 828 1773 901 illius
1810 854 1883 899 ca
1935 836 2022 901 ite
2047 836 2113 902 in
2125 853 2341 929 guttas
2359 829 2822 906 concrescunt:

395 936 493 1004 Ita
525 956 690 1028 aqua
723 936 790 1002 in
807 954 991 1002 terrae
1015 927 1402 1001 cavitatibus
1423 952 1737 1001 contenta
1765 930 1803 1001 a
1820 855 2039 1002 caqore
2059 935 2127 1001 in
2144 953 2423 1030 vapores
2448 929 2822 1021 resolvitur,

391 1036 508 1130 qui
525 1043 805 1131 vapores
825 1025 944 1099 ubi
961 1026 1048 1097 ad
1062 1051 1241 1099 terrae
1253 1024 1655 1129 superficiem
1674 1029 2089 1132 frigidiorem
2116 1054 2470 1130 pervenere
2485 1083 2507 1116 ‚
2530 1026 2822 1105 formaria

389 1157 575 1231 aquae
592 1135 937 1229 recipiunt.
1252 1213 1271 1229 l
1289 1173 1293 1178 «
2435 1138 2456 1196 ἦ
2775 1141 2782 1150 ·

496 1256 599 1328 13·
652 1233 855 1327 QX
871 1232 898 1296 1
914 1232 962 1295 1.
983 1224 1324 1304 Habessne
1341 1225 1514 1299 aliud
1527 1225 1779 1329 insuper
1796 1231 2170 1333 exemplum
2183 1236 2251 1302 in
2264 1251 2541 1329 promtu
2557 1245 2579 1301 ἒ
2613 1229 2822 1332 Resp.

382 1327 638 1402 Habeo
670 1349 808 1398 tam
839 1324 1083 1396 clarum
1106 1326 1455 1397 &evidens
1474 1380 1496 1412 ‚
1528 1350 1600 1397 ut
1620 1327 1781 1399 nihil
1800 1354 1999 1429 cogat
2025 1330 2110 1400 ad
2131 1328 2615 1423 Chymicorurn
2635 1328 2816 1403 abire

388 1423 691 1498 officinas
710 1480 732 1513 ‚
763 1449 912 1495 cum
949 1421 1083 1495 hoc
1096 1423 1316 1496 ubivis
1344 1423 1653 1496 locorum
1680 1451 1984 1499 occurrat
2004 1480 2025 1505 ,
2060 1425 2407 1524 solidoque
2429 1424 2815 1502 sententiam

384 1525 673 1597 nostram
703 1525 922 1596 firmet
955 1548 1368 1624 argumento.
1424 1520 1757 1621 EJ‘ufinodi
1789 1526 1881 1595 est
1909 1526 2138 1623 pluviae
2171 1528 2240 1596 in
2266 1537 2410 1597 aere
2425 1517 2816 1627 produffloss

384 1626 668 1696 Rationi
685 1629 862 1695 enim
880 1625 1077 1722 quarn
1101 1623 1380 1695 maxime
1400 1648 1770 1723 congruum
1788 1624 1879 1694 est
1902 1676 1922 1710 ,
1953 1648 2026 1696 ut
2046 1622 2189 1695 talis
2210 1627 2814 1728 existatgeneratio-

383 1729 489 1796 nis
520 1750 704 1824 aquae
731 1723 973 1799 modus
998 1720 1117 1801 sub
1154 1748 1354 1809 terra,
1390 1730 1594 1822 qualis
1625 1726 1717 1795 est
1739 1719 1923 1823 supra
1944 1745 2206 1797 terram.
2243 1730 2346 1796 ·At
2364 1723 2550 1826 supra
2569 1750 2809 1799 terram

378 1823 598 1925 pluvia
630 1832 697 1899 in
733 1829 880 1897 ae‘re
900 1821 1243 1925 generatur
1260 1875 1279 1908 ,
1312 1822 1582 1920 quando
1615 1849 1893 1925 vapores
1914 1876 1938 1909 ,
1963 1848 2057 1895 ex
2080 1849 2252 1922 aqua
2278 1822 2488 1898 aliisve
2513 1824 2811 1900 humidis

378 1923 771 2026 corporibus
806 1931 867 1998 vi
900 1925 1136 1997 caloris
1170 1921 1598 2023 assurgentes,
1635 1928 1708 1995 iu
1740 1920 2079 2025 frigidiore
2107 1927 2276 1997 ae’ris
2302 1930 2573 2026 regione
2589 1922 2806 1999 rursus

372 2024 888 2100 condensantun
930 2028 1171 2124 Qare
1209 2030 1404 2096 etiam
1431 2030 1501 2095 in
1537 2048 1705 2096 terra
1735 2033 2048 2124 vapores,
2080 2049 2158 2097 ex
2177 2050 2347 2125 aqua
2366 2031 2435 2096 in
2452 2022 2800 2128 profundis

371 2124 758 2201 cavitatibus
797 2127 1038 2207 latente
1071 2125 1396 2197 beneficio
1433 2123 1663 2197 caloris
1697 2123 1918 2197 edusti
1949 2174 1972 2212 ‚
2023 2123 2292 2198 tandem
2327 2121 2571 2228 frigore
2598 2128 2804 2200 loco·

367 2252 514 2298 rum
545 2255 661 2328 per
701 2242 843 2324 quae
867 2249 1286 2311 commeant,
1319 2230 1388 2297 in
1409 2249 1708 2299 naturam
1728 2250 1913 2323 aquae
1934 2231 2230 2309 converti
2253 2278 2280 2313 ,
2308 2250 2421 2298 aut
2437 2231 2667 2328 potius
2689 2252 2795 2299 re·

368 2330 534 2396 vetti
550 2324 795 2397 neceffi:
818 2328 929 2397 est.
1236 2341 1244 2351 '
2151 2334 2158 2339 ’

466 2445 571 2514 14.
621 2428 894 2517 qu
913 2428 959 2491 Ι.
1010 2424 1425 2497 Confirmata
1455 2450 1643 2497 mens
1678 2423 1807 2498 est,
1848 2427 1940 2493 uti
1971 2429 2074 2497 vix
2092 2430 2444 2523 quicquam
2463 2421 2801 2499 desideret·

367 2518 646 2614 amplius
663 2568 684 2600 ,
715 2515 828 2587 nifi
847 2518 1005 2615 quid
1024 2519 1197 2591 ultro
1215 2521 1370 2592 velis
1389 2523 1693 2617 adjicere.
1719 2518 1920 2617 Resp.
1937 2523 2045 2590 Ne
2069 2521 2343 2616 quidem
2356 2543 2531 2590 extra
2548 2544 2800 2595 temet-³

359 2623 380 2688 i
432 2613 567 2687 sum
590 2614 814 2715 egredi
833 2639 1002 2713 opus
1015 2610 1223 2687 fuisset
1243 2667 1264 2699 ,
1302 2620 1454 2690 curn
1468 2623 1536 2687 in
1558 2643 1677 2689 tuo
1701 2639 1985 2711 corpore
2001 2659 2021 2694 ‚
2042 2614 2221 2691 ,velut
2240 2621 2316 2684 in·
2329 2621 2572 2686 minori
2594 2639 2802 2691 mun-2

363 2644 457 2789 <fo
482 2769 504 2802 ,
545 2740 729 2786 exem
779 2712 1300 2814 lagenerationis
1335 2740 1519 2813 aquae
1539 2764 1563 2801 ,
1600 2708 1971 2809 cujusmodi
1993 2714 2065 2781 in
2083 2713 2318 2804 majori
2337 2711 2802 2793 mundonunc2

359 2839 678 2889 annotata
725 2820 861 2900 uit,
892 2809 1496 2887 habeasluculenta.
1547 2820 1646 2886 Ita
1663 2808 2796 2912 vapores&stomachoascendentes

359 2915 440 2989 fri
488 2942 604 2988 ore
633 2912 886 2995 cerebri
927 2911 1446 2998 condensantur,
1473 2914 1833 3014 posteaque
1867 2917 1938 2982 in
1951 2910 2264 2984 os&a1io
2285 2910 2626 3010 depluunt.
2679 2918 2779 2985 Ira
2859 2916 2872 2927 ”

355 2944 695 3112 Ῑπεὶτγιηκ
711 3015 879 3087 fiunt
903 3039 981 3085 ex
999 3010 1351 3115 vaporibus
1370 3018 1484 3113 qui
1503 3013 1925 3115 egrediuntur
1946 3036 2024 3081 ex
2038 3009 2271 3085 oculis.
2290 3018 2387 3085 Ita
2403 3008 2601 3084 sudor
2614 3016 2795 3111 pr<›-,¹

356 3121 534 3189 venit
570 3116 610 3188 ὲ
643 3112 996 3217 vaporibus
1015 3158 1037 3194 ,
1075 3117 1194 3212 qui
1224 3138 1529 3186 exeuntes
1554 3140 1631 3186 ex
1666 3113 1803 3186 aliis
1822 3116 2123 3210 eorporis
2143 3109 2437 3212 partibus
2459 3114 2528 3181 in
2546 3136 2774 3184 earum

355 3211 688 3315 superficie
700 3222 769 3287 in
783 3240 1020 3313 aquam
1036 3238 1525 3287 convertuntur.
1553 3220 1868 3313 Qorum
1892 3216 2192 3283 omnium
2212 3208 2650 3284 consideratio
2669 3234 2786 3323 at-j

358 3317 608 3387 tentior
625 3368 649 3399 ,
686 3313 1061 3395 uberiorem
1082 3358 1107 3391 ‚
1141 3312 1344 3411 quam
1379 3336 1453 3386 ut
1480 3311 1550 3382 in
1563 3309 1855 3412 praesenti
1877 3336 1995 3411 par
2011 3308 2085 3382 fit
2102 3311 2455 3414 adjungere
2472 3357 2496 3391 ‚
2534 3312 2773 3383 tracta-

355 3420 611 3488 tionem
631 3413 935 3514 postulat.
1456 3460 1462 3473 =
1502 3444 1509 3449 ·
1789 3411 1807 3429 “
1984 3486 2010 3503 ,,

376 3564 382 3569 -
450 3538 562 3612 15.
613 3518 957 3614 QXIV.
1000 3517 1166 3585 Satis
1182 3512 1319 3604 jam
1345 3512 1632 3616 perspexi
1654 3566 1677 3600 ,
1711 3507 2069 3611 quomodo
2091 3533 2168 3582 ex
2189 3512 2351 3582 mari
2372 3505 2594 3584 fontes
2614 3560 2646 3589 2
2664 3506 2786 3602 veL'

347 3617 416 3683 in
446 3612 595 3715 ipfis
625 3617 954 3685 montium
976 3619 1150 3713 'jugis
1174 3664 1195 3696 ,
1225 3621 1550 3699 oriantur,
1590 3610 1949 3711 quomodo
1988 3614 2105 3683 rivi
2132 3633 2367 3680 eorum
2400 3614 2607 3706 juniii
2637 3607 2768 3681 flu·‘

349 3718 527 3785 mina
547 3767 570 3802 ,
600 3720 669 3785 in
710 3736 884 3784 mare
933 3716 1201 3787 tandem
1236 3710 1647 3786 decurrentia
1669 3758 1691 3796 ,
1724 3716 2140 3813 progignant.
2189 3713 2287 3778 At
2329 3709 2492 3805 curn·
2516 3705 2770 3788 affidue
2789 3760 2815 3764 ι,

349 3811 553 3887 multa
581 3814 898 3889 flumina,
930 3810 1151 3885 rnultae
1188 3836 1372 3909 aquae
1406 3839 1481 3884 ex
1521 3810 1866 3885 montibus
1901 3805 2121 3884 versus.
2150 3831 2327 3883 mare
2362 3808 2610 3888 fluant,
2645 3804 2785 3902 qui.

342 3907 424 3984 fit
459 3965 483 4002 ‚
537 3913 726 4017 quod
782 3916 1093 3995 cavitates
1143 3935 1222 3985 ex
1256 3911 1500 4014 quibus
1525 3910 1884 4085 ascendulnt
1913 3935 2054 3986 non
2089 3903 2543 4011 erhauriautur
2573 3922 2782 4057 ,²1²0ss
