3391 4418
993 115 2159 216 Pur-srcAXII.
2576 157 2774 232 ‚143

307 238 661 315 versaliter‘
704 259 901 339 atque
930 231 1271 319 indefinite
1296 256 1637 330 acceptum
1667 243 1739 305 ὃ(
1754 260 1874 334 per
1891 233 1948 308 se
1975 235 2185 308 solum
2204 234 2558 337 spestaturn
2574 234 2777 337 poffit

303 339 448 415 esse
486 364 850 415 commune
883 332 1174 434 pluribus
1204 332 1570 432 speciebus;
1611 334 1903 433 exempla
1944 335 2086 411 sunt
2105 337 2305 439 figura
2326 389 2346 417 ‚
2392 364 2615 411 motus
2631 349 2766 427 ἃς.

317 441 460 515 Sed
492 442 643 514 talis
678 466 752 511 ac
780 461 953 510 tanta
971 436 1334 510 modorum
1357 458 1537 506 certo
1567 460 1880 522 numem,
1914 445 2102 510 certis
2119 435 2429 538 gradibus
2450 439 2761 531 definito.-

321 566 477 614 turn
516 534 1019 640 comprehenfio
1053 532 1348 636 pluribus
1385 532 1722 634 speciebus
1735 544 2109 610 communis
2125 537 2246 612 effe
2261 564 2570 636 nequeat.
2636 544 2762 614 At-

323 647 527 739 quiin
546 640 663 715 tali
683 665 786 712 tot
817 637 1177 710 modorum
1200 641 1387 707 certis
1396 634 1712 734 gradibus
1733 636 1817 706 ad
1838 640 2125 710 matetiae
2144 638 2486 710 mundana:
2498 667 2751 740 partem

241 740 246 745 ’
323 747 614 841 aliquam
654 739 913 837 ejusque
947 738 1292 837 particulas
1327 762 1561 805 omnes
1592 734 1995 809 definiendas
2014 747 2539 811 concurrentium
2566 768 2756 813 com-

319 841 749 942 prehenlione
777 847 1081 910 formam
1099 833 1406 934 cujusque
1426 839 1515 906 rei
1543 834 1851 925 naturalis
1874 836 2279 923 collocamus
2303 884 2328 915 2
2370 844 2463 910 uti
2489 866 2563 910 ex
2586 848 2753 914 cita-

321 949 396 1014 tis
426 942 587 1017 locis
620 966 814 1060 atque
854 937 1113 1008 aliunde
1152 936 1370 1006 claret.
1441 938 1601 1005 Pete
1637 961 1816 1006 exem
1867 936 2004 1008 lum
2036 939 2073 1011 :l
2100 945 2381 1012 Materia
2402 945 2591 1038 primi
2616 941 2750 1012 ele-

323 1048 560 1129 menti;
597 1068 797 1139 quam
825 1026 1264 1136 descripsimus
1291 1030 1475 1128 Phys.
1540 1035 1795 1106 Contr.
1852 1050 2058 1128 ‚466.
2093 1038 2358 1137 &seqq
2411 1038 2613 1111 Unde
2646 1039 2747 1113 di-

320 1140 448 1214 sces
467 1188 492 1221 ‚
533 1138 857 1241 quassibet
892 1137 1126 1236 figuras
1146 1132 1462 1206 induendi
1484 1141 1956 1233 proprietatem
1977 1191 1998 1220 ,
2028 1138 2436 1210 indefinitam
2457 1139 2522 1208 in
2541 1147 2744 1239 patti-

241 1283 245 1287 -
320 1242 493 1314 culas
529 1240 733 1340 usque·
764 1247 830 1310 &
875 1238 1072 1332 usque
1095 1240 1383 1307 minores
1401 1230 1903 1308 divifibilitatem
1927 1247 1995 1310 &
2012 1265 2271 1312 motum
2289 1238 2700 1315 celerrimum
2716 1286 2741 1322 ‚

320 1339 462 1412 haec
476 1348 591 1412 tria
605 1394 629 1425 ,
646 1347 944 1434 inquam,
960 1335 1136 1413 talia,
1159 1334 1271 1406 tali
1290 1332 1501 1404 modo
1528 1340 1881 1430 eolijun&a
1896 1339 2054 1410 nulli
2076 1345 2162 1411 rei
2185 1337 2458 1412 naturali
2472 1338 2586 1410 nisi
2607 1339 2741 1410 ele-

325 1462 557 1509 mento
578 1444 745 1538 Ignis
762 1441 1149 1509 convenire:
1172 1443 1464 1532 quamvis
1484 1438 1736 1505 interim
1753 1435 1983 1538 figura,
2003 1436 2400 1512 divifibilitas
2424 1447 2495 1511 δε
2519 1430 2740 1512 motus

327 1540 706 1649 generaliter
729 1534 1015 1637 spe6kata
1030 1538 1279 1607 cunetis
1298 1531 1487 1605 rebus
1507 1534 1891 1610 naturalibus
1911 1547 2290 1613 communia
2310 1539 2449 1613 fint.
2505 1538 2737 1638 Qod

251 1639 264 1652 '
323 1640 563 1737 species
578 1634 821 1710 diversa
837 1632 1197 1711 accidentia
1218 1637 1286 1704 in
1309 1630 1422 1711 suis
1434 1632 1787 1715 individuis
1804 1635 2009 1711 habet
2022 1684 2047 1717 ,
2082 1639 2216 1717 hoc
2230 1647 2516 1741 pertinet
2529 1643 2615 1711 ad
2636 1648 2741 1713 in..

313 1736 682 1811 dividuales
695 1737 942 1808 ¹horum
958 1730 1374 1807 differentias.
1846 1733 1853 1741 '

420 1862 535 1937 317·
589 1837 1017 1931 Modifhationis
1033 1841 1098 1905 in
1117 1839 1393 1935 partium
1422 1859 1707 1915 numero
1728 1892 1751 1924 ,
1788 1844 2072 1938 partium
2095 1864 2169 1909 ae
2192 1843 2392 1913 totius
2414 1848 2737 1943 magnitu-

315 1935 511 2025 dine,
547 1931 993 2038 figurafffitu,
1032 1959 1222 2010 motu
1256 1931 1357 2011 vel
1381 1939 1612 2032 ‚quiete
1633 1991 1654 2022 ,
1677 1934 2736 2037 -quaeextrinsecus&intrinsecus

309 2042 380 2108 in
415 2032 1559 2118 rebus·naturalibus-consideranda,
1595 2040 1886 2136 diverfim
1906 2038 2288 2135 diversitatem
2307 2045 2609 2139 specierum
2640 2045 2739 2114 in·-

306 2141 494 2226 ducit,
534 2161 733 2237 atque
772 2138 810 2208 ὲ
835 2142 1169 2209 contrario
1186 2134 1355 2208 illius
1379 2140 1516 2212 talis
1534 2139 2231 2231 modificationisidemim
2252 2146 2442 2236 arguit
2463 2144 2743 2215 identita-

305 2243 649 2338 amspeciez'.
713 2235 874 2309 Inde
900 2261 1115 2308 autern
1135 2263 1552 2335 nequaquam
1568 2239 1936 2332 ftquitursub
1951 2242 2137 2312 eodem
2139 2265 2346 2334 genere
2364 2246 2595 2322 univoco
2606 2267 2736 2328 con-

301 2340 475 2412 tineri
510 2343 795 2411 hominem
821 2340 1012 2409 vivum
1031 2338 1102 2413 (θ’
1120 2360 1365 2407 cereum.
1417 2340 1602 2416 Nam
1623 2364 1649 2408 1
1666 2391 1682 2409 .
1699 2343 1764 2408 in
1781 2335 2050 2416 homine
2068 2344 2220 2412 vivo
2244 2365 2473 2440 praeter
2492 2368 2733 2441 corpus

305 2447 378 2511 δε
407 2439 557 2530 ejus
585 2436 834 2534 rno'dos
857 2435 1196 2510 'rationalis
1233 2443 1450 2512 anima
1464 2438 1564 2505 vel
1587 2439 1863 2514 maxime.
1882 2436 1922 2507 s
1944 2438 2231 2511 ‘cotanda
2248 2441 2338 2511 est
2357 2485 2381 2518 ‚
2415 2468 2559 2539 quae
2579 2467 2732 2514 cum

298 2534 882 2638 formiscorpoteis
895 2536 1055 2610 nihil
1070 2546 1424 2610 commune
1444 2533 1667 2622 habe-t,
1683 2562 1754 2610 ut
1768 2534 1881 2610 suo
1901 2467 2470 2618 locovidebimus.
2488 2568 2559 2610 2.
2577 2564 2731 2611 cor-

294 2665 430 2741 pus
451 2638 805 2711 humanum
827 2648 895 2711 &
912 2660 1058 2709 cera
1073 2633 1227 2704 licet
1246 2633 1470 2731 quoad
1488 2631 1815 2732 aspectum
1836 2641 2150 2707 exteriore
2170 2636 2375 2735 figura
2397 2636 2730 2732 quodam-

291 2737 522 2813 modo
554 2742 910 2812 convenire
953 2731 1289 2807 videantur
1331 2784 1350 2816 ,
1404 2738 1685 2831 partium
1729 2757 1950 2804 tamen
1985 2732 2354 2805 similarium
2403 2735 2737 2806 diffimila-

288 2845 602 2937 riumque
622 2863 812 2914 tanto
828 2860 1107 2907 numero
1128 2885 1149 2919 ,
1180 2833 1384 2933 figura
1399 2876 1423 2908 ‚
1463 2831 1912 2935 magnitudine
1929 2887 1950 2921 ,
1984 2830 2105 2907 fitu
2127 2842 2196 2908 ὅ(
2217 2858 2381 2907 nexu
2402 2890 2424 2922 ,
2444 2858 2635 2916 motu
2657 2843 2728 2922 &

290 2949 523 3043 quiete
546 2939 1047 3039 haudquaquam
1069 2938 1492 3006 conveniunt.
1918 2965 1919 2970 ¹
2488 3027 2491 3028 ⁷

293 3079 316 3086 -
410 3047 520 3132 38.
574 3045 896 3135 agentium
914 3042 1260 3105 naturalium
1293 3037 1541 3106 limitata
1574 3036 1648 3112 ὠ)
1662 3032 2727 3131 propriafunaionesformamfiebstan-

284 3143 495 3213 tialem
536 3144 856 3231 requirunt.
918 3139 1092 3203 Canis
1125 3141 1344 3217 latrari
1377 3137 1520 3226 ignis
1545 3133 1835 3222 calefacit.
1883 3139 2202 3206 accidentia
2219 3139 2361 3205 nihil
2384 3154 2560 3228 agunt
2581 3188 2603 3220 ,
2624 3135 2731 3230 sed

286 3245 533 3312 allionis
553 3234 1052 3334 instrumentasum
1070 3279 1091 3312 ‚
1125 3233 1242 3327 ipfit
1259 3230 1387 3304 verb
1411 3235 2205 3330 afflonesfimefieppositorum.
2238 3231 2464 3335 oResp.
2515 3242 2727 3308 Pecu-

288 3341 467 3416 liaris
485 3341 684 3410 etiarn
703 3345 772 3410 &
788 3339 1051 3438 propria
1072 3330 1330 3405 funffio
1350 3333 1439 3403 est
1455 3335 1648 3406 clavis
1668 3383 1689 3416 ‚
1723 3333 1952 3403 calami
1971 3338 2128 3406 item
2147 3329 2466 3434 striptorii
2490 3365 2507 3407 ε
2539 3360 2726 3407 utro-

292 3440 500 3539 bique
517 3435 648 3510 sola
667 3435 999 3539 dispositio
1017 3434 1301 3536 infigura
1322 3477 1344 3510 ²
1383 3460 1572 3506 motu
1595 3442 1725 3504 διε.
1767 3432 1836 3505 id
1862 3434 2133 3533 praestat.
2184 3433 2564 3525 Quomodo
2585 3429 2728 3503 for·

293 3567 408 3615 ma
449 3537 864 3611 substantialis
880 3561 1182 3636 praeterea
1194 3539 1553 3630 requiratur
1568 3533 1667 3604 vel
1687 3534 2041 3629 quomodo
2058 3530 2193 3616 haec
2211 3586 2230 3618 ‚
2270 3533 2316 3603 fi
2334 3532 2463 3605 adfi
2472 3558 2497 3606 t
2513 3578 2534 3612 ‚
2573 3532 2727 3608 talia

293 3643 598 3746 praestare
628 3638 869 3716 valeat,
904 3663 984 3707 ne
1019 3631 1292 3731 intelligi
1334 3633 1605 3731 quidem
1640 3633 1873 3731 potest.
1940 3632 2158 3707 Simile
2189 3639 2408 3731 cogita
2433 3632 2516 3704 de
2538 3632 2761 3724 rebus¹

297 3746 641 3843 corporeis
656 3790 678 3825 ,
719 3765 862 3837 quae
878 3734 1193 3807 naturales
1211 3734 1533 3827 dicuntur.
1596 3733 1875 3814 Materia
1895 3734 2020 3804 istis
2034 3731 2255 3804 modis
2272 3757 2488 3830 aptata
2511 3741 2640 3833 agit
2657 3756 2727 3806 ut

300 3839 730 3944 suppofitum.
778 3837 910 3916 Sed
934 3834 1040 3906 adi
1063 3830 1395 3930 Phyfieam
1413 3836 1871 3907 Contraaam.
1909 3831 2182 3932 Indigna
2200 3830 2338 3904 sunt
2353 3832 2727 3931 hujusmodi

304 3945 486 4019 mere
500 3946 752 4043 Logica
768 3958 1145 4044 argumenta
1161 3986 1184 4021 ‚
1214 3932 1454 4031 quibus
1471 3927 1844 4004 refellendis
1862 3929 2158 4028 Phyficus
2175 3930 2510 4006 inhaereat.
2561 3937 2604 4003 F
2608 3956 2729 4002 ons

561 4083 566 4090 -
2487 4051 2686 4101 erton
2700 4047 2729 4089 s
