3391 4418
1012 130 1233 230 *PH
1298 160 1354 213 Y
1424 157 1460 214 s
1533 158 1563 210 1
1632 153 1804 217 ca
1914 130 2183 225 XIV.
2666 160 2820 237 ¹49

385 257 577 363 quod
605 269 882 357 propter
901 241 1281 321 adhibitum
1296 247 1402 314 loci
1424 241 1822 317 vocabulum
1848 251 2046 317 nimia
2069 243 2495 349 ambiguitate
2508 241 2811 337 laboret3

380 361 568 462 quod
585 357 813 430 clarius
835 371 904 420 ut
923 368 1230 448 appareat
1250 397 1269 428 ,
1301 347 1620 415 nonnulla
1635 343 1896 419 deloco
1920 340 2024 418 hic
2044 371 2434 444 repetemus·

486 463 597 552 38.
645 454 809 526 Loci
832 474 1074 520 nomen
1097 443 1257 517 nihil
1279 443 1453 516 aliud
1471 441 1764 546 designat
1781 499 1804 532 ‚
1846 474 2042 547 quam
2067 448 2580 549 magnitudinem
2602 504 2627 540 ,
2642 449 2809 553 figu.

375 585 514 630 ram
533 566 600 630 ’δι
627 553 815 625 fitum
834 551 1331 645 uniuscorporis
1353 551 1523 616 inter
1542 548 1660 616 aha
1686 575 1703 618 :
1749 556 1862 644 qui
1882 545 2032 620 fitus
2051 571 2120 620 ut
2137 548 2613 623 determinetur
2627 606 2649 638 ‚
2703 574 2804 623 re-

371 657 609 760 spicere
642 680 773 726 nos
789 672 1055 750 oportet
1077 648 1160 718 ad
1181 646 1302 716 alia
1325 645 1541 743 aliqua
1565 671 1849 746 corpora
1868 701 1888 731 ‚
1927 673 2068 747 quae
2093 646 2576 737 consideramus
2596 649 2799 725 veluti

369 766 648 832 immota
681 783 700 827 ι
751 761 819 825 &
847 772 1050 849 prout
1085 747 1170 817 ad
1207 743 1454 817 diversa
1483 745 1858 846 respicimus
1911 753 1936 840 (
1967 753 2062 821 uti
2094 743 2373 824 solemus
2406 777 2580 824 nunc
2615 749 2794 838 haec‚

368 885 539 931 nunc
570 855 678 925 illa
713 878 837 952 pro
869 848 1081 922 lubitu
1122 842 1470 945 respicere)
1510 847 1725 919 dicere
1757 844 2134 947 poffurnus,
2166 874 2363 920 uuam
2381 852 2793 949 eandemque

367 985 504 1031 rem
517 957 745 1029 locum
764 973 1012 1023 mutare
1031 955 1103 1019 δε
1118 972 1255 1016 non
1275 970 1546 1031 mutare,
1569 943 1672 1019 seu
1693 953 1944 1022 moveri
1968 957 2038 1021 δε
2056 973 2193 1020 non
2217 959 2497 1037 moveri,
2516 959 2614 1042 Q&
2644 948 2796 1023 hinc

361 1053 793 1162 proficiscitur
804 1074 883 1121 ea
900 1071 1099 1146 quam
1126 1045 1256 1117 dixi
1276 1049 1341 1113 in
1361 1045 1496 1113 loci
1519 1043 1853 1131 vocabulo
1877 1044 2292 1147 ambiguitas.
2312 1055 2355 1140 ),

463 1182 580 1257 39.
633 1149 927 1315 Exemspli
944 1142 1148 1247 gratia
1169 1196 1190 1228 ‚
1228 1146 1342 1240 qui
1360 1139 1537 1212 sedet
1560 1149 1624 1214 in
1646 1153 1834 1233 navi,
1868 1145 2029 1219 dum
2044 1172 2118 1217 ea
2148 1143 2337 1219 solvit
2357 1145 2608 1244 &portu
2630 1190 2655 1223 ‚
2671 1172 2803 1246 pu-

362 1284 457 1334 tat
491 1253 772 1355 quidem
833 1273 866 1315 e
885 1249 1176 1326 moveri,
1204 1240 1250 1310 fi
1271 1237 1562 1337 respiciat
1582 1243 1659 1311 ad
1685 1241 1881 1314 litora
1902 1297 1923 1329 ,
1958 1270 2161 1340 eaque
2180 1270 2252 1316 ut
2276 1248 2557 1314 immota
2579 1242 2796 1316 confi-

362 1360 588 1433 deret,
622 1371 761 1418 non
797 1369 1017 1416 autern
1055 1338 1100 1410 si
1133 1339 1217 1409 ad
1249 1335 1451 1438 ipsam
1475 1344 1692 1409 navim
1713 1392 1734 1422 ,
1771 1346 1936 1411 inter
1958 1351 2139 1435 cujus
2160 1367 2375 1440 partes
2400 1341 2687 1413 eundem
2715 1341 2801 1414 si—

364 1477 512 1528 tum
550 1448 772 1522 servat.
844 1449 994 1526 Imo
1029 1443 1224 1509 etiam
1243 1489 1264 1522 ,
1301 1440 1630 1533 qponiam
1650 1433 1849 1534 vulgo
1870 1439 2351 1524 existimamus,
2371 1463 2442 1511 ut
2460 1440 2669 1523 modo
2691 1440 2793 1512 di,-

368 1557 551 1624 &um
575 1599 596 1632 ‚
616 1567 886 1615 omnem
902 1537 1242 1611 motumin
1262 1540 1544 1614 afflone,
1569 1537 1863 1632 quietem
1884 1537 2199 1610 contram
2217 1537 2559 1612 cessatione
2578 1546 2792 1614 afflo-

365 1656 472 1721 nis
516 1641 853 1720 confistere
873 1693 896 1728 ,
923 1638 1032 1711 ille
1069 1633 1195 1735 ipse
1232 1632 1458 1705 sedens
1491 1639 1554 1703 in
1591 1639 1737 1704 navi
1753 1680 1779 1711 2
1815 1637 1965 1707 cum
2001 1636 2242 1709 nullam
2270 1643 2339 1709 in
2369 1636 2427 1710 se
2450 1644 2784 1714 astionem

363 1744 842 1821 animadvertat
862 1789 883 1823 ‚
925 1749 996 1813 &
1032 1734 1241 1807 sermo
1277 1739 1763 1834 cogitationum
1794 1733 1868 1807 sit
1894 1742 2212 1838 interpres
2232 1792 2253 1825 ‚
2293 1745 2500 1841 magis
2520 1743 2803 1844 proprie·

362 1849 629 1922 dicetur
650 1837 974 1942 quiescere
1001 1838 1202 1935 quam
1217 1839 1509 1906 moveri..
2408 1866 2411 1871 -
2807 1908 2815 1919 '

454 1971 586 2045 40.
634 1948 821 2019 ldem
828 1934 1254 2033 judicandum
1275 1933 1459 2006 estde
1483 1937 1671 2005 omni
1689 1961 1970 2038 corpote
1987 1935 2158 2012 duro
2175 1936 2414 2041 „quod
2434 1937 2517 2011 ab
2536 1940 2667 2014 alio
2684 1941 2806 2014 vel·

360 2047 535 2121 duro
575 2064 756 2215 (mg,
781 2046 923 2115 navi
945 2094 971 2127 ‚
997 2044 1222 2115 curru)
1261 2032 1364 2109 vel
1382 2032 1599 2106 fluido
1640 2040 1763 2128 (ex
1775 2063 1871 2138 gr.
1890 2044 2033 2111 a'e're
2052 2094 2074 2126 ‚
2102 2042 2259 2115 caelo
2279 2093 2300 2119 .
2325 2049 2536 2139 aqua)
2571 2038 2795 2114 defer·

360 2172 467 2223 tur
487 2194 509 2231 2
538 2170 677 2245 quo
730 2167 976 2243 nempe
992 2138 1323 2240 vulgarem
1340 2160 1560 2207 motus
1579 2132 2120 2235 significationem
2142 2140 2645 2231 flattendamus,
2659 2170 2792 2245 po-

360 2249 485 2322 tius
505 2248 758 2319 dicatur
777 2238 1102 2340 quiescere
1122 2239 1338 2336 quam.
1362 2225 1653 2309 moveri.,
2560 2290 2565 2294 .
2754 2258 2765 2262 ·

453 2372 574 2444 41.
624 2349 716 2415 Ex
749 2341 982 2438 quibus
1001 2337 1417 2437 intelligitur,
1449 2334 1578 2407 fiin
1598 2332 2370 2506 tfflerfistamnsmbms
2393 2342 2782 2415 definitione

363 2457 560 2545 (quae
583 2443 618 2514 ὲ
643 2441 908 2512 locoad
923 2439 1146 2509 locum
1162 2461 1284 2526 nos
1305 2433 1565 2533 ablegat
1588 2492 1601 2516 ‚
1747 2434 1809 2505 la
1828 2446 2078 2532 maiore
2097 2440 2325 2512 addita
2346 2444 2778 2536 restrictione)

361 2552 688 2621 incertum
703 2536 918 2637 saepius
937 2534 1219 2629 relinqui
1243 2533 1505 2618 ,utrum
1527 2532 1962 2629 quidimoveri
1980 2562 2064 2605 an
2085 2535 2410 2633 quiescere
2429 2538 2785 2610 dicendum

357 2644 439 2719 fit
458 2698 481 2733 ,
533 2642 688 2713 cum
714 2643 967 2708 interna
997 2655 1220 2702 natura
1256 2655 1479 2701 motus
1515 2629 1627 2701 tali
1651 2636 1907 2701 ratione
1928 2657 2065 2702 non
2086 2639 2474 2731 exprimatur
2493 2689 2512 2716 ‚
2549 2633 2656 2705 sed
2681 2661 2785 2714 te-,

357 2743 402 2822 s
430 2746 612 2817 cestus
643 2739 952 2812 duntaxat
983 2729 1307 2803 indicetur
1330 2733 1833 2827 unius'corporis
1852 2778 1875 2814 ‚
1905 2728 1991 2799 ad
2014 2728 2135 2800 alia
2159 2782 2181 2817 ,
2220 2736 2330 2830 qui
2348 2730 2636 2805 amentis
2654 2758 2785 2804 no..

445 2834 1096 2944 &pendens-arbitrio
1116 2853 1408 2900 extrares
1423 2824 1582 2929 ipsas
1607 2828 1721 2898 est.
2274 2819 2281 2826 ’

460 2970 577 3036 42.
633 2941 745 3022 Ne
767 2962 941 3008 nunc
961 2933 1207 3015 dicam,
1224 2926 1614 3025 quodlocalis
1637 2928 2663 3003 motusincommode'definiatut
2676 2933 2783 3004 lori

357 3040 532 3118 faeta
548 3042 885 3113 mentione
908 3088 929 3121 ‚
963 3031 1060 3105 ob
1078 3029 1293 3131 legem
1312 3029 1595 3130 logicam
1618 3082 1651 3113 ,
1680 3055 1825 3127 quae
1847 3054 2021 3102 vetat
2039 3056 2119 3101 ue
2138 3029 2482 3102 definitum
2501 3085 2525 3116 ‚
2542 3030 2783 3104 ,velro-

362 3166 504 3216 tum
522 3195 546 3228 ,
569 3140 672 3214 vel
688 3159 964 3236 exparte
985 3185 1003 3210 .
1050 3127 1450 3230 ingrediatur
1469 3127 1970 3201 definitionem.w
2009 3130 2119 3200 Ne
2144 3135 2340 3202 etiam
2371 3155 2736 3202 memorem
2752 3183 2778 3221 ,

357 3236 656 3314 nonsatis
674 3235 960 3337 expresse
982 3231 1278 3303 denotari
1302 3282 1324 3313 ,
1344 3227 1511 3328 ‘quid
1532 3238 1763 3323 corporis
1780 3281 1802 3315 ‚
1832 3226 2021 3326 quod
2037 3232 2102 3298 in
2121 3230 2237 3299 ista
2251 3228 2634 3302 definitione
2654 3256 2783 3329 po.

354 3348 534 3416 nitur
556 3391 576 3419 ,
612 3342 880 3410 nomine
899 3331 1007 3404 hic
1027 3331 1294 3431 proprie
1315 3326 1392 3402 fit
1415 3325 1935 3428 intelligendum.
1982 3330 2351 3400 Satisfenim
2368 3329 2649 3402 exdiCtis
2664 3357 2778 3431 ap-

354 3461 544 3544 paret
571 3492 593 3527 ,
632 3437 826 3509 aliam
845 3433 964 3509 effe
989 3456 1212 3504 motus
1228 3427 1686 3500 definitionem
1711 3424 2179 3524 quaerendam..
2356 3427 2357 3430 ’
2732 3423 2742 3430 ’

895 3661 898 3666 ,
1205 3563 1299 3645 D·
1348 3594 1377 3645 1
1437 3587 1484 3642 s-
1533 3591 1598 3643 Ρ.
1718 3557 1979 3657 XIV.

847 3722 1142 3788 (Motus
1163 3704 1427 3785 Localis
1453 3695 2289 3814 definitiophilefiphica.

368 3872 423 3920 ι.
452 3847 950 4051 QUoniam
968 3841 1004 3912 εὶ
1025 3838 1328 3916 doctrina
1341 3835 1639 3909 deMotu
1662 3834 2072 3931 totaPhyfica
2085 3837 2406 3939 praecipue
2427 3835 2786 3956 dependet,

649 3942 1066 4022 neceffatium
1089 3944 1373 4014 omnino
1392 3937 1484 4010 est
1498 3988 1528 4026 ‚
1558 3958 1629 4010 ut
1647 3987 1670 4023 ,
1701 3932 1889 4108 ¹¹¹4&
1906 3939 2150 4041 vulgati
2169 3947 2238 4014 &
2255 3945 2502 4018 incerta
2522 3935 2793 4099 εὶιιῗάς-
