3391 4418
577 182 729 243 212
1227 156 2314 240 Dxffspvaurro

454 351 458 356 ,
536 321 547 326 -
556 288 820 367 perpetuo
852 268 955 364 siro
989 289 1144 340 motu
1173 288 1434 338 accurate
1467 266 1799 363 distinguere
1835 318 1856 349 ‚
1907 267 1980 342 <5
2011 267 2073 334 in
2100 264 2242 359 hifte
2267 256 2619 353 inferioribus
2648 259 2977 334 ordinatam

563 393 633 441 ac
687 387 1002 462 perpetuam
1024 371 1448 462 generationum
1478 369 1992 459 corruptionumque
2026 363 2452 456 vicissttudinem
2489 356 2702 451 efficere
2725 361 2928 460 poffent
2949 388 2972 431 .-

554 492 685 540 cum
730 465 1092 548 beonnam,
1114 467 1460 560 Jicomrnuni
1479 489 1603 537 cum
1617 460 2012 560 subcoelestibm
2033 461 2334 554 corporibus
2359 477 2507 527 orm
2524 476 2697 549 atque
2714 463 2976 532 interime

554 573 686 661 -lege
718 588 1044 640 tenerentur
1063 618 1082 651 ,
1117 563 1445 659 immenfizm
1475 567 1760 657 quandam
1795 575 1854 634 in
1884 567 1959 632 hio
1987 559 2333 652 inferioribus
2361 553 2729 652 confusionem
2744 578 2978 650 pertur-

560 669 946 756 bationemque
970 664 1223 760 consequi
1259 665 1454 758 neceffe
1485 665 1628 760 efflet.
1683 659 1986 732 Tandem
2022 658 2275 730 addunt
2291 659 2435 749 quod
2451 657 2691 750 Vniverfi
2700 655 2974 751 perfodio

548 765 790 862 stablatis
821 767 1099 857 perpetuis
1134 783 1305 852 atque
1339 762 1835 855 incorruptibilibus
1866 761 2172 852 corporibus
2202 754 2678 849 conflareprorsus
2702 757 2968 854 nequeat.

566 858 768 960 Resp.
796 889 852 934 1.
892 870 1299 963 Argumenta
1324 886 1472 957 quae
1504 860 1831 932 ducuntur
1851 860 1888 930 a
1909 860 2122 930 fine&
2143 854 2552 957 perfeffione
2569 908 2588 934 ,
2622 880 2819 951 quam
2838 854 2971 927 ho-

563 987 682 1034 mo
736 961 925 1060 fingit
974 969 1041 1031 in
1094 957 1346 1032 mundo
1399 966 1634 1059 requiri
1675 1013 1698 1046 ,
1764 963 1954 1057 patvi*
1992 962 2059 1028 in
2109 956 2302 1028 rebus
2337 949 2605 1053 physicis
2640 962 2968 1028 momenti

565 1057 733 1132 sunt.
811 1061 961 1131 2.Si
1000 1060 1124 1132 fixa
1170 1058 1387 1156 aliqua
1421 1059 1594 1130 stella
1636 1057 1904 1131 maculis
1942 1056 2213 1129 obtefflt
2244 1061 2312 1126 in
2353 1062 2714 1124 Cometam
2753 1077 2971 1126 verta-

568 1184 673 1233 tur
696 1203 717 1238 ,
756 1186 893 1232 non
925 1157 1081 1231 ideo
1104 1213 1124 1240 ,
1172 1157 1257 1230 ab
1286 1159 1773 1236 incommodis,
1819 1184 1962 1257 quae
1998 1155 2440 1254 objiciuntur,
2474 1151 2783 1225 terricolis
2818 1178 2966 1227 me-

564 1258 887 1333 tuendum
918 1286 936 1328 2
1002 1255 1428 1333 metuendum
1453 1304 1475 1335 ‚
1517 1257 1559 1329 fi
1596 1258 1809 1330 modo
1849 1255 2147 1356 quodam
2183 1253 2367 1326 fimili
2406 1275 2584 1324 totus
2616 1254 2733 1326 Sol
2765 1252 2961 1326 obte-

562 1360 876 1433 nebretur
900 1409 922 1443 ,
978 1359 1166 1457 quod
1201 1351 1809 1430 nondumfaetum.
1871 1386 1927 1450 3.
1971 1361 2441 1449 Generationes
2480 1359 2553 1424 δε
2587 1356 2974 1453 corruptio-—

562 1486 677 1532 nes
715 1457 841 1530 illae
873 1464 1150 1551 partiales
1174 1499 1212 1542 ‚-
1234 1484 1393 1556 quas
1424 1463 1589 1530 circa
1623 1459 1851 1532 Solem
1878 1456 2000 1528 effe
2023 1454 2294 1528 maculae
2325 1456 2609 1539 docent,
2646 1453 2976 1527 haetenus.

561 1560 603 1631 ὲ
651 1557 826 1631 coelo
880 1558 1109 1629 Solem
1158 1581 1295 1629 non
1350 1557 1642 1629 sustulere
1685 1612 1708 1644 ‚
1776 1554 2345 1656 quemadmodum
2401 1557 2978 1649 neque-Terram.

560 1659 920 1728 destruxere
958 1710 980 1742 ,
1033 1684 1187 1756 quae
1221 1657 1304 1727 ab
1352 1656 1516 1727 orbe
1551 1654 1829 1728 condito
1861 1659 1929 1727 in
1968 1681 2045 1726 ea
2090 1665 2158 1728 &
2197 1660 2365 1725 eirca
2400 1677 2546 1723 eam
2577 1655 2978 1753 contigete‚.

562 1759 990 1830 mutationes.
1038 1757 1233 1828 Adeo
1274 1779 1343 1826 ut
1379 1779 1639 1826 cernere
1678 1780 2043 1853 nequeam,
2084 1780 2194 1825 cur
2223 1778 2407 1825 ottus
2437 1776 2636 1849 atque
2662 1757 2980 1826 interitus.

559 1858 664 1928 lex
699 1882 838 1929 non
867 1882 1046 1953 aeque
1080 1860 1399 1953 pertineat
1431 1852 1515 1923 ad
1548 1879 1658 1939 ea,
1694 1880 1836 1952 quat
1868 1859 1932 1924 in
1957 1852 2298 1925 caelestium
2322 1876 2723 1950 corporum,
2759 1853 2980 1950 quim:

563 1981 709 2055 quae
725 1963 792 2025 in
815 1981 994 2026 tertae
1005 1952 1339 2052 superficie
1364 1950 1710 2026 versantur.
1955 1959 1960 1965 “
2089 2009 2095 2014 .

662 2079 690 2124 1
717 2080 787 2122 ι.·,
826 2054 963 2124 Alii
1006 2049 1378 2125 dividentes
1410 2053 1639 2124 mundi
1691 2075 1975 2150 corpora
2016 2057 2080 2123 in
2093 2050 2375 2147 simplicia
2405 2106 2434 2140 ‚
2477 2052 2674 2126 idest
2713 2053 2983 2131 coelum·-

563 2158 636 2225 &
671 2149 994 2224 elementa
1020 2151 1215 2252 vulgo
1251 2174 1445 2239 nota,
1493 2162 1564 2227 δε
1607 2156 1796 2227 mixta
1829 2150 1933 2225 stu
1962 2147 2334 2251 compofita
2368 2179 2447 2224 ex
2477 2155 2813 2229 elementis
2835 2180 2980 2239 ,,ι..

558 2274 826 2351 ponunt
879 2251 1121 2337 coelum
1155 2302 1176 2336 ,
1227 2258 1442 2326 a'e'tem
1483 2308 1505 2340 ,
1564 2260 1810 2327 tetram-
1833 2280 1971 2327 non
1997 2253 2120 2326 este
2159 2256 2194 2326 ὁ
2238 2259 2423 2327 variis
2459 2252 2654 2329 rebus
2684 2282 2760 2328 ac
2790 2257 2981 2331 vetis.

557 2351 795 2423 mundi
834 2352 1169 2426 elementis
1209 2352 1573 2453 composita
1607 2384 1624 2427 ε
1681 2355 1868 2455 quod
1906 2356 2091 2425 aliter
2130 2350 2189 2424 se
2221 2350 2462 2425 habete
2509 2354 2771 2448 Physica
2808 2350 2848 2424 s
2878 2378 2949 2426 e-

552 2452 734 2525 cialis
780 2452 1087 2526 ostendit.
1157 2479 1217 2527 2.
1241 2454 1514 2555 perinde
1567 2450 1815 2528 faciunt
1864 2481 1940 2526 ac
1986 2451 2030 2526 fi
2070 2450 2527 2526 distribuerent
2562 2379 2954 2528 univetilt'im

551 2556 623 2624 in
656 2558 973 2653 punstutn
1010 2564 1082 2627 &
1106 2560 1351 2647 omnia.
1409 2552 1581 2629 Vide
1620 2560 1786 2656 Log.
1812 2559 1864 2627 1.
1902 2578 2059 2654 109.
2112 2553 2328 2653 Qod
2354 2555 2799 2655 idemzagunt',
2834 2560 2953 2653 qui

553 2657 887 2730 mundum
937 2661 1005 2726 in
1067 2680 1351 2756 corpora
1394 2653 1667 2728 aethetea
1723 2665 1796 2727 &
1846 2651 2206 2727 sublunaria
2258 2659 2641 2750 pattiuntut.
2741 2658 2950 2728 Tetra

555 2760 732 2825 enim
765 2755 906 2828 haec
937 2779 1079 2829 tota
1107 2780 1262 2828 cum
1291 2753 1601 2828 omnibus
1633 2779 1778 2853 quae
1815 2761 2167 2826 circaeam
2199 2750 2340 2826 sunt
2373 2799 2397 2831 ‚
2450 2753 2537 2827 ad
2568 2755 2812 2829 coelum
2844 2758 2951 2826 rel·

552 2850 684 2922 lata
735 2858 946 2952 exigui
1000 2878 1250 2926 tantum
1301 2860 1529 2952 puntsti
1575 2861 1899 2926 tationem
1947 2851 2170 2925 habet„
2266 2854 2399 2927 Sed
2442 2854 2588 2928 haec1
2622 2858 2949 2953 postrema

550 2975 909 3048 corporum
930 2956 996 3033 in
1017 2950 1288 3023 :etherea
1313 2961 1380 3023 &
1407 2949 1767 3025 sublunaria
1785 2950 2014 3026 divifio
2030 3006 2051 3037 ‚
2086 2974 2520 3052 praetetquam
2545 2957 2730 3054 quod
2760 2961 2947 3028 coi‘n-

552 3049 717 3120 cidit
768 3074 921 3122 cum
977 3048 1085 3118 illa
1130 3051 1222 3121 th.
1252 3075 1323 3137 9.
1376 3075 1570 3148 atque
1605 3051 1640 3124 5
1674 3049 1793 3127 fitu
1835 3061 1906 3124 &
1941 3054 2098 3139 loeo
2140 3054 2392 3125 tantum
2423 3061 2631 3153 petita
2673 3101 2696 3137 ‚
2747 3058 2944 3129 etiam

549 3146 685 3218 hoc
705 3153 870 3219 vitio
886 3146 1176 3229 laborat,
1213 3146 1402 3245 quod
1421 3146 2096 3241 membmdividentia
2110 3149 2401 3225 nonsatis
2421 3152 2745 3254 oppofita.
2775 3154 2946 3228 sub-

548 3246 790 3319 lunaris
812 3251 985 3316 enim
1006 3249 1208 3318 Terra
1222 3254 1415 3319 Lunae
1438 3258 1507 3322 &
1532 3250 1810 3324 Planetis
1832 3248 2048 3323 fimilis
2067 3253 2178 3324 est.
2581 3250 2586 3255 ⁵

657 3371 764 3419 12.
814 3351 1241 3419 Retineamus
1267 3353 1465 3451 igitur
1497 3350 1725 3422 mundi
1763 3351 2019 3423 vifibssis
2049 3354 2569 3449 partitionemin
2597 3359 2715 3427 tria
2744 3359 2946 3428 tatio-

545 3474 628 3520 ne
656 3447 914 3519 luminis
948 3446 1245 3519 distincta
1273 3474 1491 3520 retum
1528 3476 1767 3551 genera
1790 3504 1811 3535 ‚
1852 3456 2040 3522 initio
2074 3450 2351 3550 positam
2382 3507 2404 3538 ,
2439 3464 2510 3529 &
2538 3481 2680 3554 quae
2710 3455 2797 3526 ad
2828 3482 2942 3555 ge-

543 3542 671 3619 nus¹
705 3544 1231 3645 unumquodque
1250 3553 1614 3646 pertineant
1633 3577 1753 3621 cor
1801 3575 1912 3620 ora
1936 3604 1957 3633 ,
1990 3548 2674 3653 porto‘dispiciamus..
2708 3560 2789 3627 Et
2811 3561 2946 3657 pri-

500 3701 505 3705 .
542 3646 967 3742 moquidem
987 3652 1055 3716 iu
1077 3674 1162 3717 co
1182 3647 1485 3720 videntur
1502 3654 1721 3720 cunsti
1746 3577 2049 3723 gemines
2064 3647 2424 3724 consentire
2442 3706 2463 3741 ‚
2482 3724 2485 3728 Α
2501 3659 2686 3725 Solem
2708 3654 2807 3752 effe
2822 3656 2950 3726 cor-2

532 3766 633 3839 pus
680 3746 975 3835 lucidum,
1024 3744 1155 3818 hoc
1202 3748 1328 3824 est,
1381 3744 1637 3828 lucem,
1685 3774 1817 3845 qua
1868 3748 2101 3824 oculos
2141 3753 2394 3825 nostros
2424 3754 2838 3853 perstringin
2876 3763 2967 3837 inv

412 3854 429 3865 ‘
537 3841 902 3917 sehabens.
965 3850 1131 3919 Non
1162 3851 1341 3917 enim
1378 3870 1622 3920 tantam
1657 3849 1741 3919 ab
1778 3849 2090 3921 omnibus
2121 3850 2258 3921 fixis
2288 3849 2477 3922 fimul
2509 3859 2954 3948 acceptismu-
3020 3928 3040 3951 ο

536 3950 699 4021 mari
735 3948 1188 4047 potest,.cum
1230 3943 1377 4047 ipsae
1418 3973 1666 4024 tantam
1708 3947 1796 4023 'ad
1834 3976 1959 4025 nos
1977 3948 2136 4021 haut
2157 3955 2461 4029 mittant,
2489 3954 2788 4050 quamvis
2807 3973 2970 4021 non.

1381 4081 1395 4093 ’
2748 4069 2941 4124 tanto

572 4092 695 4137 “1
