3391 4418
852 167 1597 258 conionum
1686 171 1932 260 Vrv
1978 190 2532 263 riu-rrum.
2728 197 2882 280 345

554 289 721 379 923.
773 286 1041 384 Nempe
1081 276 1194 352 ubi
1227 282 1462 378 exiguae
1481 277 1748 377 alicuius
1768 288 2066 383 corporis
2081 286 2414 383 particulae
2434 284 2607 358 varie
2627 290 2881 385 agitatae

456 387 729 461 celerius
745 384 945 485 quam
967 380 1169 454 nostri
1191 386 1491 478 corporis
1508 383 1846 480 particulae>
1863 408 2215 458 moventur
2232 440 2253 473 ‚
2286 391 2639 489 percipitur
2656 386 2888 482 celon

442 488 571 564 ubi
587 487 826 563 tardius
846 539 871 572 ‚
899 481 1120 586 frigus.
1172 478 1313 555 Ubi
1333 505 1619 581 corpora
1640 478 1967 557 efficacius
1985 482 2289 560 deorsum
2312 490 2594 562 tendunt
2614 541 2634 571 ,
2656 488 2872 586 gravi.

448 616 549 665 tas
561 621 584 679 3
619 586 732 662 ubi
770 585 976 661 lenitis
1016 579 1462 669 descendunt,
1488 582 1717 658 levitas
1750 582 2037 657 sentitur.
2089 587 2227 661 ubi
2253 615 2467 689 partes
2489 588 2692 660 nostri
2716 611 2867 658 cor-

442 696 625 794 poris
644 687 1066 761 vehementer
1084 682 1356 783 quidem
1379 709 1733 758 moventur
1747 740 1769 773 ,
1791 710 1858 758 at
1874 711 2012 757 non
2029 685 2385 769 laeduntur,
2405 688 2668 764 sentitur
2682 712 2862 788 quae-

440 792 596 866 dam
618 787 900 861 titillatio
918 820 941 881 3
970 784 1089 857 ubi
1108 782 1462 870 laeduntur,
1493 784 1736 863 dolor,
1775 797 1909 860 διο.
2559 829 2564 834 ·

529 901 700 986 9ι6.
749 886 1046 964 Multum
1066 890 1133 957 in
1152 882 1285 957 h'oc
1307 882 1491 958 sensu
1507 938 1529 972 ,
1547 893 1643 959 uti
1660 889 1729 956 in
1750 888 1886 958 aliis
1912 889 2221 962 omnibus
2236 890 2563 987 consuetudo
2589 888 2805 991 potest
2828 942 2853 975 ‚

423 991 726 1093 exemplo
742 985 936 1070 visus,
961 989 1026 1063 §-
1054 991 1215 1057 866.
1251 991 1331 1057 Et
1351 1010 1666 1083 quantum
1687 986 1774 1058 ad
1799 985 2140 1062 olfactum
2162 1043 2187 1076 ‚
2219 1015 2454 1063 notum
2477 992 2566 1062 est
2583 1014 2856 1090 provet-

426 1090 612 1165 bium
634 1144 657 1178 ,
694 1086 877 1160 suum
900 1090 1137 1183 cuique
1157 1085 1392 1156 stercus
1413 1084 1581 1157 bene
1603 1086 1765 1161 olet.

518 1217 691 1287 927.
738 1194 841 1261 Ita
879 1188 1035 1257 cum
1070 1182 1300 1283 plantae
1336 1185 1711 1257 nostrorum
1793 1183 1991 1258 edum
2026 1185 2276 1260 assuetae
2309 1184 2433 1258 fint
2470 1190 2665 1259 tadkui
2704 1187 2846 1263 satis
2939 1242 2949 1254 ·

425 1289 698 1391 aspero'‚
732 1285 827 1359 ob
857 1287 1243 1384 gravitatem
1262 1289 1560 1381 corporis
1583 1214 1787 1382 quocl³
1790 1310 2056 1383 portant
2087 1295 2110 1379 (
2134 1281 2391 1360 Confer
2411 1288 2468 1386 §.
2488 1311 2533 1377 9
2549 1291 2644 1368 1.)
2669 1292 2849 1359 ince-

429 1390 662 1462 dentes
685 1382 956 1482 quidem
986 1409 1221 1485 parum
1256 1380 1430 1453 hunc
1454 1387 1703 1453 taQum
1729 1383 2066 1458 sentimus:
2108 1385 2258 1457 cum
2280 1385 2316 1456 ὲ
2334 1393 2669 1459 contrario
2689 1386 2847 1459 alius

426 1488 625 1588 longe
669 1481 942 1557 mollior
987 1493 1059 1557 &
1092 1483 1345 1567 lenior,
1382 1506 1521 1580 quo
1558 1480 1901 1553 titillantur
1923 1535 1944 1564 ,
1981 1483 2178 1556 nobis
2200 1480 2403 1556 ferme
2425 1486 2850 1560 intolerabilis

429 1586 507 1658 fit
532 1639 553 1672 ‚
582 1583 738 1655 ideo
756 1581 973 1655 solum
998 1581 1185 1681 quod
1206 1581 1403 1655 nobis
1428 1578 1794 1653 ordinarius
1810 1601 1954 1654 non‘
1966 1585 2077 1658 est.

522 1714 571 1774 9
586 1711 620 1756 2
635 1689 702 1755 8.
751 1685 1050 1758 Similem
1085 1682 1183 1757 ob
1199 1682 1451 1756 causam
1473 1682 1623 1756 vola
1646 1707 1874 1753 manus
1890 1678 2138 1757 facilius
2159 1681 2451 1757 titillatur
2469 1738 2490 1770 ,
2532 1686 2729 1783 quaim
2757 1687 2852 1756 la-

429 1808 532 1860 tus
570 1792 709 1883 ejus
747 1781 1068 1886 lupetius,
1107 1785 1296 1884 quod
1335 1809 1556 1857 tamen
1592 1781 1883 1856 calorem
1916 1805 2049 1857 tam
2086 1781 2441 1867 intensum,
2482 1789 2686 1883 quim
2704 1785 2854 1859 vola

424 1885 699 1987 quidem
721 1885 976 1985 potest,
1008 1883 1297 1986 perferre
1314 1889 1571 1983 nequit.
1761 1969 1764 1974 .
2062 1905 2067 1911 ’
2501 1961 2508 1968 ,
2593 1959 2600 1966 ,

410 2009 417 2018 ‘
524 2012 692 2086 929.
744 1991 940 2059 Licet
969 2010 1188 2060 autem
1216 1984 1374 2061 ‘satis
1412 1983 1643 2060 craffiis
1683 1991 1756 2058 &
1796 1982 2097 2060 confusus
2133 1984 2243 2064 bic
2269 1981 2584 2062 sentiendi
2605 1983 2850 2070 modus
2881 2063 2891 2070 ,

415 2084 495 2160 fit
534 2141 558 2174 ,
614 2112 816 2187 quem
860 2090 1109 2161 ratitum
1153 2094 1614 2171 nominamus,
1644 2087 2026 2162 mirandum
2067 2113 2291 2161 tamen
2325 2085 2453 2167 est,
2488 2084 2848 2185 quomodo

414 2192 626 2262 nodku
657 2185 1054 2277 intermedio
1090 2187 1328 2263 baculo
1351 2216 1485 2263 tarn
1500 2189 1677 2263 varia
1699 2184 2194 2287 dignoscamus,
2240 2185 2550 2284 Ph.942.
2585 2185 2846 2289 praeler·

414 2293 541 2363 tim
582 2285 629 2358 fi
669 2287 976 2399 longiore
1003 2284 1111 2356 usu
1138 2290 1359 2361 affueti
1381 2288 1608 2360 fimus:
1645 2311 1785 2382 quo
1806 2288 2078 2385 quidem
2093 2285 2406 2362 sentiendi
2425 2313 2661 2387 genere
2690 2292 2846 2363 caeci
2875 2384 2880 2385 ἶ

413 2389 553 2456 nati
573 2406 726 2456 toto
746 2389 896 2456 vitae
921 2390 1223 2482 tempore
1242 2391 1333 2459 uti
1358 2412 1441 2457 co
1489 2409 1708 2459 untur.
1774 2413 1776 2415 ¹
2469 2434 2476 2439 -
2643 2450 2648 2455 ,

514 2501 694 2576 930.
741 2485 1020 2552 Minime
1056 2488 1315 2555 interim
1345 2414 1761 2556 diflgitendum
1789 2486 1879 2557 est
1901 2541 1922 2571 ,
1956 2484 2304 2557 celerrimae
2317 2483 2845 2561 ratiocinationis

418 2603 591 2682 opus
624 2575 734 2681 liic
768 2603 1153 2650 concurrere
1174 2634 1196 2668 ‚
1233 2589 1329 2652 uti
1351 2586 1420 2652 in
1443 2586 1579 2653 aliis
1599 2608 1873 2681 quoque
1894 2581 2170 2653 sensibus
2191 2626 2216 2659 ,
2253 2603 2578 2679 quantum
2602 2581 2688 2650 ad
2713 2604 2842 2650 ter-

410 2685 580 2757 tium
598 2673 878 2781 gradum
898 2683 1131 2752 attinet
1148 2725 1171 2761 ,
1206 2676 1320 2751 usu
1334 2685 1538 2753 venit.

522 2890 617 2982 X
628 2893 713 3002 X
729 2891 813 2985 X
830 2889 996 2976 IX.
1057 2888 1316 3007 Sensus
1334 2899 1719 2974 commum?
1735 2944 1761 2987 ,
1798 2886 2184 2999 Phantafia
2204 2889 2296 2987 ἀ
2316 2820 2702 2978 Memoiia.

499 3087 672 3163 931.
723 3066 1003 3143 Motum
1023 3068 1358 3138 exterioris
1378 3068 1604 3164 organi
1626 3088 1764 3135 non
1785 3061 1900 3135 nifi
1922 3060 2167 3135 sensum
2186 3065 2510 3137 inchoatum
2531 3063 2651 3136 effit
2669 3117 2692 3154 ,
2712 3067 2829 3166 qui

403 3164 478 3237 in
500 3164 773 3240 cerebro
792 3166 1061 3249 demum
1078 3165 1529 3262 consummatur,
1564 3190 1638 3235 ex
1657 3164 1805 3236 ante
1829 3163 2019 3237 dictis
2035 3164 2255 3236 claret.
2347 3222 2350 3225 1

500 3288 587 3359 93
607 3291 673 3336 2.
725 3272 1069 3366 Qtenus
1084 3289 1303 3337 autem
1321 3272 1392 3335 in
1416 3263 1709 3348 cerebro,
1744 3290 1814 3337 ut
1835 3290 2184 3337 nervorum
2208 3272 2416 3365 prima
2443 3270 2692 3366 origine
2714 3319 2734 3350 ‚
2759 3264 2822 3364 §.

403 3370 669 3455 4890&
687 3362 728 3433 s
758 3371 1016 3439 eciatim
1035 3371 1103 3437 in
1122 3374 1258 3466 ejus
1276 3362 1530 3443 medio,
1553 3386 1625 3437 ut
1643 3372 1982 3438 communi
2001 3363 2494 3464 impressionum
2518 3371 2823 3438 omniurn

403 3487 665 3551 centro,
729 3517 747 3537 .
768 3492 931 3563 794.
954 3461 1095 3564 sqqss
1114 3467 1446 3565 perficitur
1464 3489 1665 3563 atque
1681 3462 2040 3538 absolvitur
2060 3462 2288 3543 sensus,
2312 3461 2726 3567 ptaesentibus
2745 3473 2820 3557 ὃς

402 3590 525 3666 pet
540 3589 800 3639 externa
835 3590 1241 3665 quaecunque
1268 3569 1513 3667 organa
1532 3562 1952 3641 moventibus
1973 3564 2253 3661 obieritis
2268 3619 2290 3652 ,
2314 3564 2501 3663 ῥῖψα
2519 3572 2820 3651 commum}

404 3689 810 3741 nominatur.
1811 3688 1819 3693 ·
2033 3719 2043 3723 <
2588 3720 2596 3729 .
2683 3724 2696 3733 ,

402 3823 410 3827 «
502 3795 581 3867 93
599 3795 628 3863 3
643 3820 664 3841 .
712 3770 799 3840 Et
831 3772 1148 3868 quoniam
1182 3791 1602 3840 externorum
1637 3764 1929 3838 sensuum
1963 3763 2406 3863 impreffiones
2425 3758 2580 3864 saepe
2600 3794 2820 3841 recur-

409 3890 559 3943 runt
577 3925 601 3958 ,
641 3875 715 3942 Bc
734 3866 1091 3968 aliquando
1114 3866 1256 3941 satis
1280 3867 1698 3941 vehementes
1715 3865 1862 3938 sunt
1882 3920 1900 3947 ‚
1943 3889 2082 3935 non
2099 3862 2358 3965 poliunt
2381 3873 2605 3938 nonin
2628 3865 2835 3955 molli<

408 3973 481 4041 ἃς
506 3970 711 4046 flexili
732 3966 986 4049 cerebri
1008 3967 1360 4047 fiibstantia
1379 4024 1402 4059 ,
1436 3968 1523 4044 ad
1540 3986 1743 4071 quam
1765 3989 2114 4049 nervorum
2134 3972 2501 4059 interventu
2517 3964 2823 4072 deferun-

1778 4073 1899 4141 XX
1949 4091 1991 4143 2
2675 4077 2780 4137 tut
2802 4101 2828 4139 o
