3391 4418
930 146 1150 229 Cro
1236 173 1299 227 N
1380 170 1440 228 ‘r
1526 173 1586 231 r.
1672 174 1733 231 A
1826 153 2195 237 εντ’-Ἀ.
2686 188 2782 263 23

357 285 594 336 nentes
614 258 876 345 habet,
905 254 1276 358 cujufinodi
1308 254 1451 332 sunt
1487 269 1924 340 extremitates
1946 269 2105 339 lanae
2126 272 2194 339 in
2211 291 2474 367 panno,
2513 292 2590 339 ea
2612 268 2789 347 laevia

360 363 690 447 evadunt,
726 360 880 433 cum
913 365 980 435 in
1017 385 1217 431 unam
1303 381 1508 432 artem
1540 363 1778 437 ramuli
1807 368 1902 438 isti
1918 368 2386 446 inflectuntur‚
2430 366 2694 442 utilan'a
2717 378 2785 443 in

359 460 694 564 superficie
710 464 908 562 panni
927 458 1252 544 radendo,
1321 458 1487 532 arbae
1506 470 1576 533 &
1596 462 1813 562 capilli
1834 466 2626 567 pestendoinfleetuntur.

470 583 651 654 313.'
684 556 831 634 Atfi
856 564 925 631 in
938 566 1333 632 contrariam
1345 584 1598 661 partem
1620 564 1773 634 strin
1819 587 2051 654 antur,
2087 566 2488 640 ramulorum
2528 567 2650 641 illae
2667 591 2779 640 ex-

360 668 711 737 tremitates
727 659 1027 733 nonnihil
1040 660 1427 761 affurgentes
1448 662 1739 761 asperam
1756 592 1820 738 {gu
1853 658 2163 740 'etficiern
2175 667 2460 741 reddunt
2477 691 2780 742 motum-

357 786 487 863 que
515 763 880 863 impediunt
920 791 939 833 ε
972 759 1542 860 quemadmodum
1583 789 1722 835 non
1754 694 1966 839 sorum
1986 774 2054 839 in
2075 773 2276 869 panni
2323 769 2769 841 verumetiam

358 868 431 935 in
456 862 797 936 bestiarum
837 857 1169 962 superficie
1200 859 1717 960 deprehenditur
1750 919 1774 954 ,
1826 892 2103 966 quarum
2142 893 2429 969 corpora
2464 867 2607 969 pilis
2655 890 2770 940 aur

356 963 593 1065 plumis
605 962 890 1037 caudam
905 960 1116 1037 versus
1134 962 1383 1036 inflexis
1394 985 1723 1064 teguntur.

1040 1162 1207 1248 IX.
1296 1175 1566 1247 Rarum
1604 1194 1686 1245 ac
1731 1165 2075 1275 Denficm.

405 1392 437 1457 3
455 1387 570 1451 14.
594 1357 1021 1523 RAtaelne
1039 1352 1271 1518 sfigurat
1292 1361 1362 1425 Bc.
1381 1351 1529 1426 fitus
1559 1361 1842 1451 partium
1866 1359 2144 1425 interioria
2172 1377 2410 1449 corpus
2444 1353 2534 1424 est
2553 1376 2771 1425 rarum

654 1477 658 1480 ⁴
776 1481 856 1527 ve
892 1490 903 1505 ι
953 1473 1036 1520 en
1061 1475 1198 1520 um.
1670 1480 1675 1491 ¹
1977 1476 1982 1481 ·
2104 1482 2110 1491 ¹

406 1576 437 1583 ··
471 1578 501 1644 3
522 1582 549 1623 ι
566 1575 628 1646 5.
686 1533 1030 1645 Rarum‘est
1044 1571 1184 1616 non
1201 1543 1388 1642 quod
1412 1543 1752 1647 expansum
1766 1559 2110 1648 permajus
2123 1545 2167 1618 s
2195 1553 2396 1621 atium
2414 1545 2545 1621 fine
2573 1554 2774 1622 inter-

354 1651 590 1737 vallis,
631 1654 787 1748 quia
829 1670 1072 1748 corpus
1089 1644 1267 1718 idem
1301 1671 1441 1719 non
1470 1649 1688 1749 potest
1716 1650 1926 1750 magis
1940 1576 2264 1722 extenlfrm
2295 1648 2418 1723 effi:
2437 1648 2540 1724 vel
2558 1656 2770 1749 majus

355 1752 632 1857 spatium
647 1772 975 1851 occupare
995 1744 1131 1820 hoc
1156 1770 1452 1846 ternpore
1467 1747 1665 1847 quam
1679 1748 1839 1821 alio.
1883 1751 1939 1850 §0
1969 1762 2005 1841 ς’
2022 1777 2049 1840 3
2064 1805 2081 1823 .
2103 1756 2217 1845 38.
2235 1778 2354 1848 43.

453 1879 491 1950 3
513 1881 540 1928 1
555 1864 623 1926 6.
676 1853 790 1924 Ne
847 1874 922 1921 ue
942 1848 1132 1920 estita
1147 1844 1457 1922 divulsum
1486 1871 1557 1920 ut
1572 1857 1712 1945 ejus
1725 1848 2061 1924 intervalla
2073 1850 2193 1921 fint
2211 1852 2514 1950 vacua,§.
2539 1878 2662 1949 43.

344 2002 353 2011 ·
451 1982 488 2053 3
511 1978 620 2041 17.
667 1950 817 2024 Sed-
871 1946 1024 2020 abet
1044 1970 1295 2048 partes,
1327 1952 1496 2021 inter
1516 1972 1679 2047 quas
1702 1947 2039 2029 antemna
2069 1950 2338 2025 existunt
2375 1951 2770 2053 corporibus

344 2053 483 2127 aliis
504 2050 750 2153 repleta
771 2101 795 2137 ‚
837 2049 933 2149 uti
946 2049 1168 2122 videre
1200 2046 1359 2120 licet
1375 2045 1505 2139 ins
1536 2055 1737 2151 ongia
1751 2051 2102 2152 &pumice
2117 2099 2139 2130 ‚
2188 2048 2351 2122 item
2379 2056 2446 2122 in
2463 2074 2635 2153 pane
2649 2079 2768 2154 per

339 2154 524 2229 nais
536 2174 646 2225 aut
660 2155 791 2225 vini
802 2148 870 2221 in
880 2170 1088 2250 poros
1098 2145 1447 2250 ingrestum
1460 2076 1762 2225 ‹iilatatm
2572 2176 2582 2214 τ

450 2262 610 2345 318.
665 2249 1014 2352 chuid
1030 2275 1249 2324 autem
1269 2254 1339 2321 in
1362 2258 1483 2323 rari
1499 2256 1799 2351 corporis
1812 2249 2163 2324 intervallis
2181 2303 2202 2336 ,
2232 2276 2380 2348 quae
2406 2255 2442 2326 a
2472 2250 2767 2351 partibus

335 2362 485 2452 ejus
511 2374 655 2422 non
668 2367 1075 2451 occupanmr
1092 2395 1119 2427 ‚
1153 2347 1931 2425 extensioniscontinetur
1947 2402 1969 2435 ‚
2027 2346 2102 2420 id
2119 2351 2385 2451 proprie
2414 2374 2491 2422 ac
2508 2351 2768 2453 phyfice

340 2476 490 2526 non
507 2446 646 2549 ipfi,
661 2447 771 2521 sed
786 2450 920 2522 aliis
941 2448 1337 2547 corporibus
1352 2450 1752 2549 replentibus
1766 2452 1858 2522 est
1876 2448 2324 2521 tribuendum.
2342 2452 2405 2550 §.
2437 2475 2552 2543 50.

456 2567 618 2641 319.
672 2548 934 2641 Densum'
949 2544 1244 2617 redditur
1282 2549 1519 2645 corpus
1542 2601 1564 2632 ‚
1615 2548 1662 2618 fi
1693 2547 1984 2647 partibus
2016 2547 2104 2620 ad
2134 2553 2415 2619 invicem
2452 2551 2777 2623 acceden-

340 2646 530 2723 tibus
546 2643 883 2717 intetvalla
921 2642 1033 2712 illa
1050 2648 1429 2713 minuuntur
1453 2652 1477 2734 (
1499 2643 1702 2715 veluti
1737 2645 1892 2715 cum
1910 2644 2180 2742 spongia
2203 2645 2460 2737 liquore
2482 2647 2766 2745 turgida,

322 2756 511 2824 item
529 2749 680 2817 lana
695 2766 808 2816 aur
824 2748 933 2814 nix
948 2743 1407 2843 comprimitur
1421 2751 1455 2833 )
1489 2765 1603 2814 aut
1619 2740 1959 2814 tolluntur.
2211 2739 2220 2743 ⁴

447 2875 477 2942 3
499 2874 615 2920 ιο.
674 2842 909 2942 Qod
936 2845 1261 2945 posterius
1282 2864 1417 2912 non
1455 2846 1786 2945 contingit
1801 2840 1915 2914 nifi
1947 2846 2013 2915 in
2033 2837 2431 2914 omnimode.
2453 2838 2630 2917 duris
2660 2843 2775 2919 ve}

317 2944 741 3027 omnimode
759 2943 999 3018 fluidis.

442 3075 479 3144 3
499 3073 613 3120 21.
667 3042 1269 3144 Qemacjmodum
1303 3064 1522 3115 aurem
1563 3055 1782 3115 Rarum
1806 3043 1842 3116 a
1881 3044 2042 3116 Molli
2097 3062 2290 3141 (nam
2324 3067 2560 3142 pumex
2590 3067 2766 3120 rat-us

304 3151 418 3226 est
434 3196 463 3233 ‚
477 3183 483 3188 ·
497 3156 571 3221 &
589 3170 809 3228 tamen
831 3143 1029 3218 durus
1044 3168 1083 3239 )·
1109 3148 1200 3215 ita
1218 3140 1488 3237 Densum,
1507 3144 1746 3218 Germ.
1783 3139 1990 3235 bidus
2021 3140 2059 3213 εὶ
2076 3157 2233 3217 Dura
2250 3148 2409 3214 Ger.
2424 3145 2610 3241 W!
2637 3143 2766 3220 dis-

301 3243 799 3353 tinguendum.
1144 3267 1151 3274 ’
2411 3263 2418 3269 ’

430 3376 468 3444 3
493 3361 609 3421 2'2.
661 3341 1151 3447 Nempe-denia
1176 3343 1432 3445 pluvia,
1475 3339 1671 3416 densa
1707 3342 1977 3414 flamma
2008 3340 2133 3423 est,
2177 3368 2455 3446 propter
2483 3356 2774 3450 partium·

305 3448 603 3529 suarum
617 3451 1204 3547 propinquitatem,
1237 3447 1291 3546 §.
1324 3472 1351 3536 3
1376 3472 1400 3515 1
1413 3464 1454 3521 9
1469 3491 1489 3512 .
1539 3438 1761 3612 Qod
1774 3445 2067 3541 pertinet
2082 3441 2169 3515 ad
2194 3440 2384 3518 fitum
2404 3492 2428 3528 ,
2460 3457 2530 3521 ὅ(
2545 3465 2768 3548 opp04-

291 3555 523 3632 fitam
546 3545 753 3620 habet
763 3550 1045 3646 partium
1068 3545 1462 3628 distantiam,
1484 3550 1637 3638 cuju
1664 3539 1853 3613 modi
1871 3540 2053 3613 estin
2074 3568 2253 3615 raro.
2273 3567 2360 3641 ·ς.
2391 3572 2418 3638 3
2441 3575 2465 3622 1
2482 3573 2552 3635 7.
2715 3568 2726 3580 ·

418 3683 455 3750 3
480 3680 523 3725 2
546 3676 608 3743 3.
663 3642 798 3725 sed
818 3647 979 3749 lapis
999 3646 1225 3724 durus,
1260 3642 1352 3718 ob
1375 3645 1661 3745 partium
1684 3642 1934 3734 qdietem
1956 3695 1978 3727 ,
2010 3648 2115 3717 cui
2145 3652 2509 3746 opponitur
2520 3667 2772 3719 motus.

285 3760 361 3864 §.
392 3767 451 3835 6
455 3762 542 3833 6.
575 3763 748 3848 240.
798 3755 911 3828 Sic
932 3752 1096 3851 ignis
1111 3743 1574 3830 denfiortcrffi,
1594 3767 1736 3817 non
1750 3741 2002 3817 durior.
2030 3773 2036 3779 ·
2481 3771 2486 3774 ·
2549 3769 2554 3776 ·

2439 3967 2447 3975 ·
2496 3945 2584 4018 X.
2635 3945 2794 4014 P-ord·
