3391 4418
734 166 741 173 ,
1004 77 2202 169 GoNTRACT'A.
2713 84 2821 193 69

393 193 791 292 Exemplum
809 194 1089 261 cernitur
1107 189 1322 289 inpila
1342 242 1363 274 ,
1392 215 1595 289 prout
1625 194 1692 263 in
1718 192 1954 265 durum
1978 217 2087 266 aut
2115 192 2358 283 molle,
2393 190 2688 296 asperum
2716 221 2823 269 aut

391 294 574 377 leve,
593 289 923 389 liquidum
940 314 1052 361 ant
1072 291 1272 379 fixum
1299 315 1536 391 corpus
1555 294 1816 367 incidit.

491 420 592 492 94
606 419 667 463 2.
719 395 798 462 Et
812 397 958 489 quia
971 387 1367 490 presfionem
1383 390 1645 462 luminis
1666 419 1816 464 cum
1840 393 2157 492 preffione
2178 388 2829 477 baculicontulimus,

394 491 457 588 §.
487 516 529 584 5
549 517 651 562 η.
695 488 1175 588 observandum
1197 491 1328 575 est,
1363 491 1549 589 quod
1580 497 1648 563 in
1674 493 1957 565 tenebris
1983 494 2392 569 ambulantes
2419 489 2819 567 intermedio

394 588 637 661 baculo
669 586 890 662 sentire
913 615 991 661 ac
1005 586 1381 689 dignoscere
1398 588 1717 663 soleamus
1737 645 1758 677 ,
1806 592 2090 693 lapidem
2121 648 2141 680 ,
2174 589 2434 668 arena‘m
2457 640 2480 673 ‚
2525 614 2812 689 aquam,

389 688 666 760 herbam
699 742 720 775 ,
741 688 799 759 lu
811 715 954 763 tum
973 741 994 773 ,
1039 714 1118 758 an
1140 689 1319 760 aliud
1344 689 1503 787 quid
1520 698 1956 794 attingamus:
1996 719 2232 792 nempe
2245 719 2518 794 propter
2541 698 2814 767 varieta-

390 815 525 862 tem
547 816 692 889 quae
713 791 798 860 est
815 794 883 859 in
902 785 1234 887 superficie
1256 795 1576 889 corporis,
1599 792 1783 891 quod
1803 790 2042 863 baculo
2064 801 2370 893 tangitur.
2711 816 2714 817 ’
2767 811 2773 819 “

487 912 667 991 943.
720 891 1038 984 Cumque
1060 885 1327 960 effectus
1357 886 1675 985 ejusmodi
1711 896 2021 967 intactus
2069 900 2371 963 omnium
2399 886 2688 961 sensuum
2709 895 2810 960 in-

365 990 550 1079 ·fimo
570 1044 593 1075 ,
615 989 796 1078 cujus
812 994 1274 1087 perceptiones
1296 987 1508 1058 minus
1533 988 1847 1065 distinctae
1864 989 2028 1069 sunt,
2050 989 2604 1091 deprehendatur;
2621 988 2809 1082 quid-

386 1094 453 1160 ni
494 1089 844 1161 credamus
876 1138 899 1170 ‚
938 1083 1165 1155 multo.
1196 1079 1440 1155 facilius
1475 1091 1543 1155 in
1574 1086 1864 1173 sensuum
1904 1088 2420 1186 praestantiffimo
2453 1080 2605 1159 Visu
2631 1136 2652 1168 ,
2695 1092 2805 1180 qui

383 1189 697 1288 plurimas
713 1208 932 1254 rerum
959 1178 1355 1251 differentias
1378 1181 1573 1252 nobis
1596 1184 1958 1257 manifestat
1988 1240 2009 1270 ,
2045 1186 2292 1256 subtilis
2314 1186 2600 1255 materiae
2627 1181 2811 1252 caele-

392 1292 499 1357 stis
518 1291 899 1354 interventu
916 1323 942 1354 2
973 1277 1177 1348 fimile
1207 1278 1367 1375 quid
1385 1277 1911 1351 locuminvenire
1938 1301 1960 1351 Ξ
2003 1284 2194 1353 Adeo
2215 1307 2288 1353 ut
2304 1304 2577 1379 propter
2599 1283 2810 1351 varie..

392 1406 612 1455 tatem·
631 1378 812 1449 illam
838 1430 860 1462 ,
895 1401 1044 1472 quae
1087 1377 1327 1446 accidit
1356 1374 1584 1445 lumini
1619 1428 1641 1459 ‚
1702 1376 1797 1448 ob
1831 1376 2265 1450 divetfitatem
2309 1375 2664 1477 superficiei
2688 1430 2708 1461 ,
2742 1377 2810 1448 in

396 1504 598 1578 quam
615 1476 879 1559 incidit,
900 1473 1208 1545 colorum
1227 1471 1433 1544 sensus
1451 1471 1738 1547 innobis
1756 1479 2027 1548 otiatura

496 1598 669 1672 944.
711 1570 1082 1648 Confidera
1103 1572 1459 1671 quomodo
1473 1600 1746 1670 pomum
1767 1575 2097 1649 diffeclum
2124 1576 2579 1675 primo‘album
2600 1631 2620 1658 ,
2664 1566 2806 1650 tum

390 1678 639 1750 flavum
661 1719 700 1751 ‚.
717 1674 947 1776 postea
981 1670 1139 1772 saepe
1161 1680 1411 1782 nigrum
1439 1699 1777 1772 appareat,
1814 1702 2017 1775 prout
2047 1672 2410 1777 superficies
2430 1686 2564 1775 ejus
2582 1677 2808 1779 paula-

388 1775 714 1848 timaliter
725 1796 922 1872 atque
941 1771 1503 1872 aliterdiiponitur
1521 1783 1816 1876 &magis
1841 1774 2211 1850 exsiccatum

479 1901 651 1973 945.
700 1877 973 1947 Etenim
995 1923 1016 1957 ,
1045 1875 1318 1969 quando
1353 1870 1547 1945 visus
1593 1872 1794 1972 ipsam
1827 1873 2226 1976 pressionem
2247 1876 2480 1965 scntit‚
2515 1904 2628 1950 cur
2662 1901 2802 1947 non

385 1982 462 2049 &
486 1972 903 2051 varietatem,
942 1997 1090 2069 quae
1123 1978 1191 2043 in
1226 1997 1304 2042 ea
1327 1972 1455 2051 est,
1493 1970 1764 2046 sentiat?
1794 2001 1912 2048 cur
1944 1978 2160 2050 minus
2191 1977 2274 2051 ab
2302 1978 2413 2050 illa
2446 1972 2804 2061 afficiatur,

380 2100 582 2173 quam
601 2079 810 2167 tactus
830 2068 915 2141 ab
932 2097 1031 2150 ea,
1051 2099 1195 2170 quae
1212 2097 1365 2143 cum
1380 2069 1706 2169 pressione
1724 2073 1941 2147 baculi
1967 2084 2322 2175 conjuncta
2346 2080 2438 2150 est
2455 2097 2476 2151 ἒ

476 2184 659 2271 946..
696 2173 929 2271 thue
961 2167 1255 2272 specialia
1280 2169 2012 2275 quaedamattingamus
2034 2231 2054 2262 ,
2092 2185 2312 2278 cogita
2346 2178 2484 2250 dari
2517 2202 2818 2277 corporat

382 2274 549 2358 alia,
583 2299 727 2367 quae
746 2272 914 2346 ,dum
935 2270 1196 2345 luminis
1233 2271 1436 2343 radiis
1457 2281 1951 2370 percutiuntur,
1986 2275 2252 2350 eosdem
2291 2274 2696 2360 suffocant&
2725 2304 2804 2347 o-

384 2398 538 2470 mne
552 2372 816 2441 illorum
837 2370 1046 2441 robur
1061 2369 1369 2469 frangunt
1413 2387 1437 2459 (
1461 2395 1535 2441 ut
1552 2373 1705 2470 pilae
1725 2379 1792 2443 in
1810 2373 2034 2444 lanam
2050 2375 2396 2447 incidentis
2417 2399 2635 2446 motus
2650 2371 2807 2443 sisti·-
2845 2422 2856 2432 -

389 2496 516 2549 tur,
538 2490 596 2555 §-
622 2475 822 2558 206.)
868 2493 1009 2565 quae
1028 2479 1196 2560 nigra
1228 2465 1648 2565 appellamus·

484 2593 655 2665 947.
711 2571 874 2636 Dari
908 2568 1030 2636 alia
1045 2592 1189 2661 quae
1213 2562 1664 2642 reverberant,
1703 2576 1773 2638 &
1796 2568 2069 2660 quidem
2091 2567 2459 2637 vel'eodem
2483 2618 2504 2650 ,
2532 2592 2668 2662 quo
2704 2591 2816 2636 re·

382 2676 634 2770 cipiunt
652 2711 673 2745 ‚
710 2663 948 2736 ordine
969 2718 989 2749 ,
1011 2664 1209 2735 veluti
1227 2660 1476 2763 specula
1498 2661 1701 2736 nitide
1718 2666 1966 2762 polita;
1990 2658 2369 2739 velconfuse
2395 2663 2522 2733 huc
2540 2675 2602 2737 δι
2626 2658 2806 2739 illuc.
2856 2717 2860 2721 -

381 2766 628 2844 Rursus
655 2765 779 2836 alia
810 2790 887 2835 ex
906 2762 1009 2836 his
1036 2763 1260 2835 radios
1282 2786 1688 2860 repercutere
1717 2767 1982 2834 afflone
2009 2761 2268 2836 luminis
2298 2763 2807 2861 haudquaquam

297 2905 302 2909 ·
383 2874 728 2941 immutata
755 2919 775 2951 ,
815 2865 1087 2950 utalba3
1132 2862 1254 2935 alia
1293 2863 2077 2939 mutationeminducere
2099 2917 2140 2951 ,v
2186 2871 2284 2937 uti
2342 2865 2513 2937 rubra
2540 2917 2561 2949 ‚
2592 2866 2799 2958 flava,

382 2974 634 3043 carulea.
696 2967 703 2972 ’
862 2993 865 2998 ·
1490 2975 1493 2978 ’
2095 2953 2112 2970 ”
2389 3047 2390 3050 ¹
2541 3041 2546 3049 ⁴

478 3069 650 3165 948.
680 3068 933 3139 ‘Auditus
963 3069 1031 3134 in
1047 3073 1192 3136 a‘e‘re
1212 3063 1488 3163 percipit
1510 3064 1859 3138 tremulum
1889 3074 1959 3138 δε
1981 3065 2309 3139 vibratum
2323 3074 2464 3163 ejus
2488 3087 2755 3137 motum
2775 3121 2796 3148 ‚

385 3172 502 3264 qui
527 3178 699 3236 Sonus
732 3164 1008 3241 dicitur,
1048 3171 1113 3244 §-
1140 3192 1161 3233 1
1181 3190 1301 3261 93..
1324 3160 1500 3263 seqq.
1522 3191 1694 3266 299.
2785 3207 2786 3210 π

480 3292 650 3361 949.
699 3268 785 3337 Et
802 3263 910 3336 ille
936 3262 1206 3362 quidem
1228 3261 1314 3332 fic
1330 3264 1718 3365 producitur
1738 3263 1773 3334 εὶ
1794 3262 1984 3333 causa
2005 3258 2513 3340 somata-veluti
2537 3287 2678 3333 cam
2734 3287 2803 3330 a..

352 3388 471 3437 ‘na
495 3418 518 3449 ,
562 3363 777 3464 lingua
799 3419 820 3450 ,
852 3373 984 3437 &c.
1011 3365 1081 3434 in
1121 3375 1266 3435 ae're
1292 3417 1312 3448 ,
1343 3386 1414 3435 ut
1434 3363 1707 3435 circuli}
1729 3361 1951 3460 lapide
1982 3361 2280 3462 vel'gutta
2312 3363 2645 3434 incidente
2663 3289 2802 3428 tgr-

375 3488 642 3539 mantur
661 3475 727 3534 in
745 3491 912 3562 aqua
937 3519 957 3549 ,
985 3464 1043 3563 §.
1069 3475 1233 3559 674.
1287 3463 1557 3559 quando
1595 3489 1743 3561 pars
1760 3487 1942 3558 aquae
1963 3463 2231 3563 impulsa
2251 3463 2530 3561 impellit
2565 3457 2757 3529 aliam
2781 3513 2802 3547 ,

376 3566 523 3639 haec
545 3566 753 3664 porro
776 3563 1266 3660 sequentem‚§.
1302 3589 1322 3630 1
1348 3590 1373 3654 3
1399 3588 1460 3651 3.
1975 3577 1980 3580 ’

487 3688 660 3757 950.
713 3665 812 3733 Ac
830 3659 1050 3732 differt
1072 3665 1109 3733 a
1126 3684 1327 3731 vento
1351 3706 1371 3739 ‚
1409 3658 1586 3732 ficuti
1610 3658 1822 3731 cursus
1851 3660 2028 3730 fluvii
2049 3659 2282 3742 abistis
2310 3663 2584 3756 circulis,
2601 3662 2670 3730 id
2691 3657 2827 3735 effu·

269 3754 280 3763 ”
380 3788 455 3837 ut
484 3788 711 3836 motus
745 3766 958 3833 reclus
979 3766 1040 3830 in
1079 3786 1271 3831 unam
1307 3783 1561 3858 partem
1590 3815 1606 3843 ,
1636 3760 1673 3829 ὲ
1695 3784 1888 3829 motu
1923 3758 2212 3830 circulari
2247 3765 2314 3830 in
2341 3785 2575 3832 ornnes
2592 3779 2832 3857 partes‘
2865 3828 2869 3831 ⁴

375 3866 579 3947 flexu,
601 3860 730 3950 vel,
745 3888 885 3963 quo
902 3886 1144 3961 corpus
1161 3858 1334 3934 ultro
1351 3861 1760 3957 citroqueim
1766 3855 2065 3957 pellitur:
2087 3857 2157 3932 id
2173 3865 2352 3933 enim
2368 3859 2459 3928 est
2488 3877 2746 3929 tremere.

1681 3962 1727 4029 1.
1772 3983 1812 4052 3*
2329 3979 2496 4050 251·
2553 3959 2836 4053 Qems-
