3391 4418
1028 126 1787 209 Pursxci
1905 125 2181 219 XIV.
2670 161 2839 237 15‘1·

384 267 585 345 quam
603 248 674 314 in
692 236 990 339 subjer
1008 236 1121 313 suo
1140 291 1164 326 ,
1189 235 1438 339 semper
1457 240 1578 313 css'e
1598 238 2022 339 quaetendum
2039 250 2107 314 δι
2127 241 2543 343 ponendum.
2586 245 2827 322 Solem·

383 350 560 416 enim
580 339 855 514 perstpe
877 365 1153 414 movens
1176 348 1246 413 δε
1265 341 1514 413 mobile
1532 345 1567 415 εὶ
1588 337 2007 439 philosophis
2028 341 2390 430 confundi,
2412 367 2511 426 ut,
2536 343 2817 442 quando

381 469 611 542 putant
624 442 753 543 lapi
804 466 911 514 em
931 439 1183 514 aliudve
1202 466 1444 542 corpus
1456 465 1651 546 grave
1667 440 1973 514 deorsum
1990 439 2144 516 serti
2161 497 2180 524 ‚
2203 444 2415 518 afflve
2440 470 2675 517 terram
2701 471 2818 546 ap-

376 542 694 644 petendo.
927 552 928 557 ’

373 640 2808 845 1213ae{3025ssssss⁰33ffisssssszfflqtzffi{ffstzssffisssssdssiss'

372 846 580 945 figura
611 845 704 917 est
732 842 978 916 modus
1009 847 1103 914 rei
1123 844 1461 940 quadratae
1483 843 1587 917 vel
1607 847 1945 932 rotunda,
1982 851 2247 944 &quies
2268 852 2357 917 tei
2377 844 2799 944 quiescentis,

371 944 643 1018 cubatus
677 942 974 1016 cubantis
994 1000 1010 1025 ‚
1047 944 1238 1015 statio
1270 945 1507 1017 stantiS.
1579 946 1897 1045 Namque
1925 971 2043 1046 per
2065 970 2327 1018 motum
2348 993 2370 1026 ‚
2411 951 2704 1042 quietem
2724 953 2796 1018 ὃς

369 1046 639 1147 figuram
660 1070 760 1116 tes
777 1067 1115 1142 corpoteae
1132 1049 1483 1119 variantur,
1502 1066 1573 1115 ut
1584 1045 1770 1118 aliter
1783 1070 1983 1145 atque
2000 1044 2183 1118 aliter
2200 1042 2260 1116 se
2278 1043 2595 1131 habeant,
2608 1043 2798 1144 quod

365 1151 429 1219 in
449 1144 687 1220 scholis
705 1165 949 1215 vocant
982 1139 1378 1214 modificari.

477 1273 591 1320 10.
640 1240 776 1331 Sed
793 1238 1092 1313 obducat
1104 1239 1332 1336 aliquis
1349 1293 1370 1324 ‚
1397 1264 1655 1313 motum
1675 1242 1959 1315 localem
1984 1295 2007 1329 ‚
2042 1242 2523 1316 transsationem
2549 1296 2571 1328 ‚
2603 1242 2801 1313 latio..

365 1371 527 1418 nem
550 1395 571 1428 ,
608 1349 819 1412 Graec.
857 1341 1073 1434 Φορρέν
1101 1382 1124 1416 ,
1164 1336 1284 1410 effe
1307 1339 2086 1438 l’hilosophis‹vocabula
2120 1341 2513 1434 synonyma,
2560 1349 2630 1411 δε
2680 1366 2802 1440 per

374 1437 783 1537 consequens
802 1443 870 1507 in
890 1437 1278 1507 definitione
1296 1460 1519 1508 motus
1539 1437 1764 1510 localis
1785 1440 2270 1511 transsationem
2292 1466 2427 1511 non
2448 1439 2624 1540 posse
2640 1437 2801 1511 loco

374 1543 628 1639 generis
666 1543 872 1640 poni,
909 1559 984 1607 ut
1013 1533 1119 1606 hic
1150 1536 1293 1608 fieri
1328 1535 1589 1610 videtur
1611 1592 1634 1624 ,
1670 1537 1839 1625 cum,
1860 1547 2066 1641 genus
2096 1536 2336 1611 debeat
2371 1538 2565 1613 latius
2576 1546 2809 1640 patere

375 1639 608 1741 specie.
2260 1642 2267 1677 ³

486 1764 594 1813 ιι.
642 1731 840 1833 Resp.
883 1733 1342 1809 definitionem
1376 1736 1568 1807 aliam
1603 1732 1726 1807 effi:
1746 1737 2117 1832 effentialem,
2152 1764 2297 1836 quae
2318 1762 2553 1840 genere
2585 1733 2801 1813 &dif-
2860 1754 2867 1759 “

369 1836 652 1927 ferentia
668 1835 921 1907 constat
941 1888 963 1921 ‚
1007 1836 1195 1908 aliam
1223 1839 1507 1933 causqlem
1527 1886 1546 1915 ,
1585 1838 1783 1935 quaeal
1802 1835 1999 1910 caufis
2014 1837 2101 1911 ad
2116 1864 2258 1910 rem
2277 1837 2801 1910 constituendam

372 1929 912 2011 concurrentibus
948 1933 1322 2009 desumitur.
1377 1939 1582 2034 Atqui
1610 1962 1838 2011 motus
1859 1938 2319 2029 definitionem
2337 1935 2459 2010 effe
2480 1939 2805 2039 posterio-

369 2045 457 2112 tis
479 2040 735 2140 generis
757 2058 836 2104 cx
875 2032 969 2109 th.
1000 2066 1031 2126 3
1072 2034 1300 2134 liquet.
1353 2037 1706 2111 Essentialis
1725 2039 2066 2127 definitio,
2106 2065 2252 2139 quae
2269 2064 2566 2124 motum,
2590 2034 2807 2111 -veluti

365 2136 408 2211 s
434 2140 643 2212 eciem
676 2131 796 2208 sub
834 2133 1081 2232 eodem
1109 2142 1418 2238 proximo
1448 2160 1601 2209 cum
1635 2143 1776 2214 aliis
1798 2138 1992 2214 rebus
2012 2165 2250 2243 genere
2275 2138 2669 2212 collocatam
2690 2194 2709 2222 ,
2761 2136 2803 2208 d

367 2166 575 2342 (ἕως
592 2235 697 2309 vel
716 2234 1051 2336 speciebus
1067 2237 1388 2338 oppositis
1407 2236 1817 2322 discerneret,
1838 2239 1944 2311 hic
1963 2266 2102 2312 non
2120 2238 2625 2326 defiderabatur,
2638 2241 2802 2338 ,quia

364 2361 587 2412 motus
622 2336 751 2407 tale
831 2337 938 2406 uid
973 2337 1103 2422 est,
1133 2343 1240 2409 cui
1277 2362 1418 2408 non
1452 2341 1785 2411 invenitur
1801 2337 2005 2411 [imile
2035 2341 2399 2438 quidquam
2434 2347 2496 2411 in
2515 2361 2676 2412 toto
2700 2362 2807 2407 re·-

366 2464 514 2511 rum
545 2438 741 2518 unive
927 2432 1306 2536 Philosophi
1332 2462 1448 2507 ens
1461 2437 1820 2532 fieccesswum
1850 2447 2243 2525 nominant,
2277 2439 2428 2511 alias
2450 2464 2547 2512 res
2570 2443 2807 2510 omnes

368 2556 616 2612 vocant
621 2551 1031 2626 permanentes.
1552 2563 1558 2576 ·

475 2661 504 2709 1
521 2658 585 2707 2.
631 2632 720 2702 At
733 2624 919 2700 miffo
933 2625 1292 2700 istiusmodi
1313 2631 1548 2718 dubio,
1564 2637 1751 2731 quod
1768 2634 2172 2706 scholasticus
2190 2638 2337 2729 quis
2359 2626 2813 2730 movete'pos-

369 2733 448 2808 fit
470 2788 492 2820 ,
523 2735 643 2832 qui
661 2729 744 2801 ad
761 2733 1022 2829 Logicae
1041 2722 1161 2800 suae
1180 2754 1666 2831 praeconceptas
1678 2734 1935 2835 regulas
1953 2741 2177 2802 omnia
2200 2729 2472 2804 assuetus
2493 2731 2582 2802 est
2607 2754 2803 2799 revo-

369 2861 515 2908 care
532 2887 552 2922 ,
574 2829 915 2905 videamus
937 2825 1163 2929 potius
1179 2880 1201 2909 ,
1226 2833 1581 2926 quomodo
1605 2832 1881 2905 liberate
1899 2835 2094 2904 liceat
2107 2837 2407 2924 animum.
2420 2829 2505 2902 ab
2521 2828 2630 2902 illa
2651 2831 2802 2929 o'pi'·

368 2943 568 3012 niune
588 2985 610 3012 ,
649 2936 780 3032 'qua
799 2928 1014 3001 sumus
1035 2953 1266 3001 omnes
1283 2931 1318 3002 εἰ
1340 2938 1571 3006 teneris
1585 2933 1824 3007 imbuti
1841 2989 1861 3020 ,
1886 2932 2070 3033 quod
2091 2931 2235 3035 plus
2253 2930 2631 3012 afflonisfflad
2649 2956 2805 3001 mo·

370 3060 510 3109 tum
532 3087 553 3121 ,
589 3033 790 3131 quim
824 3027 909 3100 ad
929 3032 1219 3128 quietem
1242 3037 1623 3130 requiratur.
1690 3038 1871 3107 Nam
1898 3033 2053 3107 inde
2075 3035 2164 3106 est
2180 3088 2202 3121 ,
2242 3033 2427 3133 quod
2451 3056 2755 3133 putemus
2772 3081 2798 3116 ,

367 3140 436 3207 in
453 3131 834 3222 definiendo
858 3155 1052 3201 motu
1067 3133 1342 3203 astionis
1364 3139 1776 3207 mentionem
1796 3141 2080 3209 omnino
2093 3131 2462 3206 faciendam
2483 3130 2603 3205 effe
2630 3186 2651 3217 ‚
2675 3154 2801 3202 nec

364 3229 684 3337 poffimus
706 3257 857 3303 eum
881 3226 1024 3302 fitis
1043 3253 1163 3299 ceu
1177 3229 1546 3332 pastionem
1568 3288 1588 3317 ,
1630 3234 2054 3309 affectionem
2072 3234 2174 3309 vel
2197 3232 2479 3310 modum
2499 3239 2588 3306 rei
2606 3285 2629 3321 ,
2650 3256 2819 3330 quae

364 3356 706 3408 movetur,
745 3329 1194 3404 considerare..

466 3461 494 3508 1
518 3461 580 3525 3.
629 3433 728 3504 Ut
749 3437 940 3532 igitur
955 3428 1269 3503 omnibus
1291 3428 1786 3506 difficultatibus
1806 3490 1821 3515 ,
1852 3459 1998 3532 quae
2021 3432 2127 3506 hic
2147 3433 2409 3536 poffimt
2430 3455 2821 3519 occurrere,.

361 3533 489 3608 noe
502 3537 886 3618 extricemus
910 3584 932 3615 ‚
971 3535 1092 3603 tria
1116 3531 1224 3601 ista
1244 3528 1384 3630 sunt
1407 3531 1849 3606 observanda:
1908 3562 1930 3604 ι
1949 3591 1965 3608 .
1981 3535 2395 3636 Distinguere
2414 3553 2686 3636 oportet
2702 3538 2802 3604 in-

361 3663 462 3710 ter
478 3638 699 3706 aetum
721 3630 1009 3704 hominis
1028 3685 1049 3716 ,
1087 3636 1196 3728 qui
1218 3654 1438 3729 mente
1465 3642 1532 3705 &
1559 3661 1642 3706 co
1778 3662 1843 3705 re
1867 3625 2211 3734 praedit'tm
2238 3646 2304 3712 &
2323 3659 2584 3709 motum
2607 3634 2823 3706 alicu-2*

361 3746 468 3834 jus
500 3739 595 3806 tei
620 3758 763 3831 quae
794 3731 887 3802 nil
918 3729 1031 3802 nifi
1064 3755 1304 3830 corpus
1321 3732 1432 3802 est.
1493 3761 1553 3804 2.
1575 3662 2079 3836 Diquiciendm
2095 3735 2223 3813 est,
2268 3761 2349 3806 an
2371 3743 2436 3807 in
2461 3760 2808 3838 compara·
2870 3821 2871 3824 Ἴ

364 3843 551 3927 tione
578 3832 861 3933 plurium
886 3836 1148 3903 actuum
1177 3883 1197 3916 ,
1236 3830 1320 3904 ad
1352 3858 1589 3914 omnes
1628 3861 1784 3921 eos,
1826 3841 1996 3908 inter
2027 3860 2202 3934 quos
2244 3836 2596 3910 instituitur
2615 3861 2809 3907 com-

362 3957 626 4042 paratio
661 3977 686 4019 ‚
732 3932 915 4035 atque
954 3936 1250 4011 animum
1288 3931 1734 4012 advertamus.
1782 3960 1847 4033 3..
1872 3940 2143 4025 Initium
2184 3958 2412 4012 motus
2447 3936 2831 4042 cuminitio:

672 4047 682 4052 ’
2628 4047 2812 4126 qm?
