3391 4418
611 262 619 270 ,
1023 157 2184 261 Couijcrro.
2649 179 2817 258 449

393 288 732 401 digressam
753 279 1023 388 quidem
1036 326 1058 363 ,
1089 276 1197 351 sed
1216 276 1372 348 brevi
1390 294 1611 345 tamen
1629 268 1914 367 reversim
1934 313 1959 346 ‚
1996 290 2068 338 ne
2082 261 2361 361 diverttffe
2376 258 2645 364 quidem
2667 292 2834 341 cen-

389 402 530 476 {ent
549 451 573 487 ‚
611 420 692 468 ne
707 395 850 492 quis
869 410 1002 458 tam
1024 381 1158 455 cito
1180 429 1202 464 ,
1244 399 1378 449 tam
1397 375 1629 446 leviter
1645 366 1820 442 forte
1842 372 2135 470 conjugii
2155 363 2488 441 vinculum
2511 362 2822 470 disrumpi

389 501 739 577 arbitretur
755 548 776 581 ,
803 493 1044 589 quippe
1060 475 1248 583 quod
1266 502 1342 549 ex
1358 480 1577 578 primo
1599 469 2129 544 contrahentium
2154 491 2318 542 voto
2341 475 2409 541 δε
2426 468 2768 569 proposito
2790 523 2816 559 ,

389 602 492 679 uti
511 626 629 704 par
647 597 735 668 est
753 648 774 681 ,
810 608 1199 693 perpetuum
1221 603 1419 678 atque
1443 571 1857 646 individuum
1878 573 2003 643 estz

486 729 560 802 7.
615 705 710 770 Ita
743 691 951 766 nolim
989 682 1343 758 existimare
1386 672 1545 771 (nifi
1577 677 1767 747 Deus
1797 671 1867 744 id
1891 669 2049 743 mihi
2071 669 2360 763 revelet)
2399 690 2504 741 tot
2523 665 2819 770 partibus

389 795 878 879 admirabilem,
919 810 1022 861 tot
1062 780 1284 855 modis
1315 782 1566 850 austum
1598 780 1899 876 corporis
1930 776 2264 870 animique
2285 776 2353 842 in
2375 775 2674 842 Homine
2695 796 2815 842 ne..

365 932 576 981 aum,
613 904 728 999 qui
758 920 834 967 ex
868 896 1081 991 prima
1121 886 1250 957 Dei
1274 878 1675 951 institutione
1708 870 2161 947 indissolubilis
2196 881 2264 945 δι
2291 869 2813 970 quodammodo

378 997 769 1081 immortalis
806 981 1260 1063 existimandus
1291 979 1418 1058 est,
1456 976 1851 1050 omnimoda
1889 998 2106 1047 morte
2142 970 2429 1046 solutum
2465 1000 2542 1044 ac
2566 972 2811 1044 direm-

381 1132 524 1183 tum
558 1100 679 1174 effe
696 1149 717 1182 ,
744 1089 857 1164 nifi
880 1087 1192 1189 separatio
1214 1105 1418 1179 quam
1434 1078 1709 1151 diximus
1730 1078 2030 1177 longiore
2049 1098 2351 1171 tempore
2369 1071 2597 1150 duret,
2636 1073 2809 1145 adeo

379 1229 457 1282 ut
491 1223 729 1302 corpus
758 1191 1082 1263 idoneum
1117 1179 1538 1256 inhabitantis
1573 1182 1802 1249 animae
1830 1173 2247 1247 domicilium
2276 1169 2535 1271 prorsus
2553 1169 2674 1242 effe
2694 1172 2817 1244 de-

375 1306 564 1379 sinat.

484 1410 547 1474 8.
607 1402 675 1472 Si
704 1394 886 1469 aliter
913 1389 1146 1460 statuas
1168 1436 1189 1469 ,
1230 1381 1610 1454 ecstaticus,
1635 1374 2059 1477 epilepticos,
2100 1368 2460 1468 deliquium
2481 1372 2709 1440 animae
2732 1365 2814 1439 fi-

383 1505 686 1602 miliaque
708 1496 1032 1600 patientes
1058 1493 1124 1556 in
1143 1482 1291 1556 vere
1314 1502 1733 1551 mortuorum
1757 1475 2132 1574 catalogum
2158 1471 2368 1544 statim
2390 1465 2656 1542 referes.

475 1614 552 1694 ’9.
602 1600 877 1674 sanetus
906 1585 1145 1665 Paulus
1167 1605 1386 1683 raptus
1418 1582 1487 1649 in
1510 1583 1772 1648 tertium
1796 1572 2025 1649 caelum
2062 1567 2325 1644 nescivit
2351 1570 2574 1644 utrum
2597 1570 2815 1639 anima

382 1705 487 1779 sua
502 1729 586 1779 eo
606 1718 910 1799 tempore
938 1699 1004 1763 in
1026 1708 1308 1785 corpore
1324 1736 1346 1769 ,
1376 1706 1459 1751 an
1480 1700 1655 1749 extra
1675 1701 1913 1775 corpus
1933 1670 2147 1745 fuerit.
2198 1669 2410 1774 Ipsum
2431 1672 2589 1744 vero
2612 1672 2816 1738 inter-

382 1834 460 1881 ea
482 1824 823 1877 mortuum
844 1790 1021 1865 fuiffe
1040 1811 1245 1860 nemo
1266 1779 1704 1854 affirmaverit.
1761 1773 1932 1850 Vide
1963 1801 1999 1844 2
2031 1775 2199 1847 Cor.
2228 1798 2258 1857 ι
2270 1797 2335 1845 2.

481 1932 590 1980 10.
645 1912 799 1977 Mors
834 1899 1034 1998 igitur
1071 1888 1388 1960 Hominis
1425 1905 1566 1953 tum
1600 1877 1872 1950 demum
1905 1872 2082 1945 recle
2120 1868 2557 1973 appellabitur
2593 1920 2614 1950 ‚
2657 1868 2817 1940 cum'

381 2012 612 2089 animae
644 2012 715 2077 δε
751 1994 1053 2098 corporis
1089 1984 1401 2088 separatio
1449 1977 1668 2053 totalis
1699 1985 1768 2050 &
1795 1974 2007 2047 finalis
2029 1972 2121 2043 est
2138 2024 2162 2057 ‚
2197 1996 2268 2044 ut
2288 1972 2481 2044 liceat
2515 1973 2614 2042 uti
2643 1966 2814 2040 alio-

376 2120 522 2182 rum
550 2114 621 2178 in
642 2102 764 2175 alia
782 2100 1052 2170 materia
1075 2115 1221 2162 rece
1274 2088 1353 2156 tis
1377 2076 1745 2156 vocabuliS.

479 2235 589 2286 ιι.
636 2204 890 2281 ruralem
919 2189 1183 2295 appello
1217 2114 1695 2285 separationem
1727 2230 1751 2267 ‚
1800 2173 1916 2250 ubi
1954 2170 2146 2247 nullae
2176 2167 2438 2278 prorsus
2466 2163 2809 2268 utriusque

374 2312 576 2413 partis
607 2301 982 2386 funffloncs
1011 2288 1290 2389 amplius
1318 2300 1747 2354 concurrunt.

487 2433 593 2478 12.
648 2400 906 2471 finalem
935 2415 1113 2468 voco
1132 2441 1156 2474 ,
1193 2382 1307 2458 ubi
1331 2376 1721 2453 intermiffus
1749 2397 1945 2478 atque
1967 2380 2362 2474 interruptus
2386 2369 2496 2443 ille
2524 2379 2809 2441 concur-³

375 2507 474 2583 sus
509 2504 658 2608 post
696 2503 1002 2668 exiguum
1035 2489 1352 2589 temporis
1385 2476 1796 2578 intervallum
1827 2502 1966 2547 non
1998 2479 2312 2577 repetitur
2332 2497 2406 2544 ac
2427 2492 2806 2542 renovatur.

475 2633 581 2706 13·
631 2609 796 2702 Q
872 2587 1186 2694 equidem
1208 2586 1529 2685 temporis
1547 2575 1957 2651 intervallum
1983 2580 2172 2648 certis
2201 2569 2518 2644 horarum
2544 2564 2804 2654 mensu-q

371 2711 457 2785 tis
476 2704 753 2781 definire
772 2723 897 2770 nec
916 2699 1087 2768 ratio
1117 2714 1239 2761 nec
1258 2684 1651 2786 experientia
1667 2682 1937 2780 patitur.

479 2837 589 2907 14.
643 2804 813 2877 Non
840 2802 1007 2872 ratio
1025 2848 1046 2881 ,
1074 2812 1346 2896 propter
1372 2808 1518 2857 eam
1537 2805 1736 2881 quam
1765 2774 2192 2849 indicavimus
2216 2774 2367 2846 vitae
2389 2769 2690 2843 humanae
2711 2767 2806 2839 la·-

377 2909 732 2988 titudinem
765 2925 845 2975 ac
865 2891 1397 2972 divifibssitatem.
1451 2887 1585 2960 Cui
1605 2879 1775 2952 adde
1792 2903 2152 2981 corporum
2173 2874 2611 2958 humanorum
2632 2868 2804 2942 mula·

375 3012 667 3116 tiplicem
699 3007 1079 3080 varietatem
1120 2991 1543 3087 aliorumque
1582 3009 1713 3083 prae
1743 2979 1883 3053 aliis
1920 2973 2416 3080 dispositionem
2452 2970 2801 3045 meliorem

373 3115 873 3206 firmioremque
894 3157 918 3191 ,
940 3122 1051 3174 aut
1070 3091 1304 3170 contra
1321 3089 1718 3162 deteriorem
1737 3105 1936 3181 atque
1965 3077 2424 3166 infirmiorem.
2682 3063 2685 3064 ⁷

479 3242 507 3287 1
525 3239 593 3307 5.
633 3212 876 3307 Neque
895 3192 1282 3305 experientia
1298 3238 1322 3274 ‚
1358 3190 1677 3291 quoniam
1699 3181 1963 3256 ecstafin
1981 3234 2002 3267 ,
2037 3174 2484 3250 defectionem
2502 3173 2704 3251 animi
2724 3168 2812 3242 fi-'

376 3310 686 3414 milesque
719 3304 1049 3411 paffiones
1083 3295 1240 3370 alias
1263 3292 1512 3392 diutius
1531 3342 1552 3375 ,
1587 3284 1747 3360 alias
1771 3287 1988 3355 minus
2011 3277 2126 3352 diu
2150 3281 2549 3351 continuare·
2567 3273 2813 3374 depre·'

371 3414 743 3490 hendimus.
794 3413 877 3481 Et
913 3408 1218 3479 novimus
1250 3420 1378 3496 pro
1411 3389 1564 3466 vere
1603 3387 1885 3460 mortuis
1923 3380 2187 3454 habitos
2224 3404 2301 3451 ac
2328 3376 2617 3477 sepultos
2635 3371 2803 3450 effe.

370 3521 487 3618 qui
568 3511 721 3587 aulo
740 3508 890 3610 post
911 3495 1305 3605 resurgendo
1325 3489 1681 3595 sepultores
1701 3483 1849 3557 suos
1878 3489 2112 3578 errotis
2132 3482 2477 3553 convicere
2498 3467 2802 3575 ipsosque

373 3627 443 3695 &
467 3644 505 3689 a
533 3622 633 3689 ios
653 3619 720 3685 in
741 3608 1239 3681 admirationem
1260 3618 1556 3699 rapuere.
1605 3585 1809 3666 Unde
1832 3584 2254 3662 Medicorum
2273 3596 2702 3678 praeceptum,
2716 3593 2802 3643 ne

370 3719 511 3795 cito
527 3712 920 3819 sepeliantur
947 3710 1059 3806 qui
1087 3697 1427 3804 apoplexia
1448 3691 1718 3764 fimilive
1750 3683 1992 3759 affeetu
2023 3682 2325 3757 videntur
2340 3675 2656 3748 exstincti.
2800 3713 2811 3718 ·

474 3830 589 3897 16.
640 3809 968 3891 Obducat
1005 3805 1276 3905 aliquis,
1310 3796 1568 3869 allatam
1608 3792 1855 3865 Mortis
1880 3783 2386 3885 explicationem
2416 3773 2613 3850 talem
2635 3763 2759 3848 ene
2780 3811 2808 3851 ι

363 3944 442 3996 ut
475 3917 922 4022 patrocinium
962 3913 1031 3983 in
1072 3930 1150 3978 ea
1183 3897 1373 3973 facile
1410 3897 1743 3969 inveniant
1768 3883 2032 3991 profani
2061 3882 2407 3964 homines,
2445 3875 2695 3951 Christi
2732 3877 2808 3943 δε

369 4020 856 4125 Prophetarum
887 4003 1201 4089 miracula
1229 3997 1592 4101 eludentes.
1645 3990 2104 4167 Βὶεὶηιτιεοίω
2136 3991 2204 4061 in
2238 3979 2361 4091 illis
2379 3957 2811 4055 hominibus}

729 4143 788 4193 ν
1968 4114 2018 4167 2
2642 4090 2821 4170 quos
