<?xml version="1.0" encoding="UTF-8"?>
<!DOCTYPE html PUBLIC "-//W3C//DTD XHTML 1.0 Transitional//EN"
    "http://www.w3.org/TR/xhtml1/DTD/xhtml1-transitional.dtd">
<html xmlns="http://www.w3.org/1999/xhtml" xml:lang="en" lang="en">
 <head>
  <title>
</title>
<meta http-equiv="Content-Type" content="text/html;charset=utf-8" />
  <meta name='ocr-system' content='tesseract 3.04.00' />
  <meta name='ocr-capabilities' content='ocr_page ocr_carea ocr_par ocr_line ocrx_word'/>
</head>
<body>
  <div class='ocr_page' id='page_1' title='image "./johannisclauber00claugoog_0215.png"; bbox 0 0 3391 4418; ppageno 0'>
   <div class='ocr_carea' id='block_1_1' title="bbox 395 123 2849 841">
    <p class='ocr_par' dir='ltr' id='par_1_1' title="bbox 1049 123 2840 237">
     <span class='ocr_line' id='line_1_1' title="bbox 1049 123 2840 237; baseline 0.002 -29"><span class='ocrx_word' id='word_1_1' title='bbox 1049 125 1232 209; x_wconf 72' lang='grc' dir='ltr'>ΡΗ</span> <span class='ocrx_word' id='word_1_2' title='bbox 1299 154 1355 208; x_wconf 79' lang='lat' dir='ltr'>Y</span> <span class='ocrx_word' id='word_1_3' title='bbox 1422 150 1459 208; x_wconf 86' lang='lat' dir='ltr'>s</span> <span class='ocrx_word' id='word_1_4' title='bbox 1529 155 1562 209; x_wconf 91' lang='lat'>1</span> <span class='ocrx_word' id='word_1_5' title='bbox 1629 155 1679 211; x_wconf 88' lang='lat' dir='ltr'>c</span> <span class='ocrx_word' id='word_1_6' title='bbox 1745 153 1827 237; x_wconf 11' lang='lat' dir='ltr'>A*</span> <span class='ocrx_word' id='word_1_7' title='bbox 1919 123 2230 217; x_wconf 89' lang='lat' dir='ltr'>XXII.</span> <span class='ocrx_word' id='word_1_8' title='bbox 2697 155 2840 237; x_wconf 82' lang='lat'>¹95</span> 
     </span>
    </p>

    <p class='ocr_par' dir='ltr' id='par_1_2' title="bbox 395 238 2849 841">
     <span class='ocr_line' id='line_1_2' title="bbox 519 238 2849 341; baseline -0.002 -25"><span class='ocrx_word' id='word_1_9' title='bbox 519 245 588 317; x_wconf 67' lang='lat'>2.-</span> <span class='ocrx_word' id='word_1_10' title='bbox 639 244 798 315; x_wconf 86' lang='lat' dir='ltr'>Pars</span> <span class='ocrx_word' id='word_1_11' title='bbox 825 245 1008 341; x_wconf 86' lang='lat' dir='ltr'>prior</span> <span class='ocrx_word' id='word_1_12' title='bbox 1047 241 1176 311; x_wconf 81' lang='lat' dir='ltr'>est:</span> <span class='ocrx_word' id='word_1_13' title='bbox 1202 238 1253 334; x_wconf 80' lang='lat' dir='ltr'><em>fi</em></span> <span class='ocrx_word' id='word_1_14' title='bbox 1280 258 1464 333; x_wconf 66' lang='lat' dir='ltr'>corpus</span> <span class='ocrx_word' id='word_1_15' title='bbox 1481 262 1656 312; x_wconf 76' lang='lat' dir='ltr'>unum</span> <span class='ocrx_word' id='word_1_16' title='bbox 1674 242 1915 312; x_wconf 74' lang='lat' dir='ltr'>occurrit</span> <span class='ocrx_word' id='word_1_17' title='bbox 1930 245 2103 312; x_wconf 76' lang='lat' dir='ltr'>almi</span> <span class='ocrx_word' id='word_1_18' title='bbox 2117 245 2392 340; x_wconf 75' lang='lat' dir='ltr'>majorem</span> <span class='ocrx_word' id='word_1_19' title='bbox 2414 239 2849 339; x_wconf 70' lang='lat' dir='ltr'>adrefistendum</span> 
     </span>
     <span class='ocr_line' id='line_1_3' title="bbox 411 337 2839 440; baseline 0 -24"><span class='ocrx_word' id='word_1_20' title='bbox 411 346 535 416; x_wconf 71' lang='lat' dir='ltr'>vim</span> <span class='ocrx_word' id='word_1_21' title='bbox 566 341 827 421; x_wconf 73' lang='lat' dir='ltr'>babenti,</span> <span class='ocrx_word' id='word_1_22' title='bbox 855 363 1031 433; x_wconf 70' lang='lat' dir='ltr'>quam</span> <span class='ocrx_word' id='word_1_23' title='bbox 1063 340 1243 436; x_wconf 72' lang='lat' dir='ltr'>ipfiem</span> <span class='ocrx_word' id='word_1_24' title='bbox 1278 343 1447 411; x_wconf 70' lang='lat' dir='ltr'>babet</span> <span class='ocrx_word' id='word_1_25' title='bbox 1461 344 1773 432; x_wconf 70' lang='lat' dir='ltr'>admotum</span> <span class='ocrx_word' id='word_1_26' title='bbox 1787 339 1882 414; x_wconf 66' lang='lat' dir='ltr'>viai</span> <span class='ocrx_word' id='word_1_27' title='bbox 1894 337 2045 412; x_wconf 71' lang='grc' dir='ltr'>1ιᾶιῖ</span> <span class='ocrx_word' id='word_1_28' title='bbox 2079 347 2283 438; x_wconf 85' lang='lat' dir='ltr'>(quia</span> <span class='ocrx_word' id='word_1_29' title='bbox 2304 338 2542 440; x_wconf 73' lang='lat' dir='ltr'>exlege</span> <span class='ocrx_word' id='word_1_30' title='bbox 2561 340 2839 416; x_wconf 65' lang='lat' dir='ltr'>fecunda</span> 
     </span>
     <span class='ocr_line' id='line_1_4' title="bbox 409 435 2842 535; baseline 0 -22"><span class='ocrx_word' id='word_1_31' title='bbox 409 446 629 513; x_wconf 86' lang='lat' dir='ltr'>omnis</span> <span class='ocrx_word' id='word_1_32' title='bbox 664 464 886 513; x_wconf 82' lang='lat' dir='ltr'>motus</span> <span class='ocrx_word' id='word_1_33' title='bbox 918 464 1142 512; x_wconf 87' lang='lat' dir='ltr'>natura</span> <span class='ocrx_word' id='word_1_34' title='bbox 1178 435 1283 511; x_wconf 87' lang='lat' dir='ltr'>sua</span> <span class='ocrx_word' id='word_1_35' title='bbox 1299 440 1391 512; x_wconf 86' lang='lat' dir='ltr'>est</span> <span class='ocrx_word' id='word_1_36' title='bbox 1410 443 1660 522; x_wconf 61' lang='lat' dir='ltr'>rectus)</span> <span class='ocrx_word' id='word_1_37' title='bbox 1687 443 2126 512; x_wconf 72' lang='lat' dir='ltr'>continuandum</span> <span class='ocrx_word' id='word_1_38' title='bbox 2146 491 2168 525; x_wconf 92' lang='lat'>,</span> <span class='ocrx_word' id='word_1_39' title='bbox 2199 442 2407 509; x_wconf 79' lang='lat' dir='ltr'>tuncin</span> <span class='ocrx_word' id='word_1_40' title='bbox 2426 461 2794 535; x_wconf 72' lang='lat' dir='ltr'>campartem</span> <span class='ocrx_word' id='word_1_41' title='bbox 2817 496 2842 532; x_wconf 90' lang='lat'>,</span> 
     </span>
     <span class='ocr_line' id='line_1_5' title="bbox 395 537 2843 640; baseline 0 -29"><span class='ocrx_word' id='word_1_42' title='bbox 395 542 704 638; x_wconf 78' lang='lat' dir='ltr'>secundum</span> <span class='ocrx_word' id='word_1_43' title='bbox 716 564 888 634; x_wconf 76' lang='lat' dir='ltr'>quam</span> <span class='ocrx_word' id='word_1_44' title='bbox 898 560 1086 635; x_wconf 69' lang='lat' dir='ltr'>corpus</span> <span class='ocrx_word' id='word_1_45' title='bbox 1101 540 1327 612; x_wconf 79' lang='lat' dir='ltr'>obvium</span> <span class='ocrx_word' id='word_1_46' title='bbox 1338 544 1393 611; x_wconf 78' lang='lat' dir='ltr'>ei</span> <span class='ocrx_word' id='word_1_47' title='bbox 1410 542 1713 640; x_wconf 79' lang='lat' dir='ltr'>oppositum</span> <span class='ocrx_word' id='word_1_48' title='bbox 1725 537 1800 635; x_wconf 79' lang='lat' dir='ltr'>est</span> <span class='ocrx_word' id='word_1_49' title='bbox 1821 594 1844 626; x_wconf 92' lang='lat'>‚</span> <span class='ocrx_word' id='word_1_50' title='bbox 1877 540 2184 633; x_wconf 70' lang='lat' dir='ltr'>defleffitur</span> <span class='ocrx_word' id='word_1_51' title='bbox 2201 584 2225 615; x_wconf 82' lang='lat'>‚</span> <span class='ocrx_word' id='word_1_52' title='bbox 2246 540 2320 617; x_wconf 60' lang='grc' dir='ltr'>(θ’</span> <span class='ocrx_word' id='word_1_53' title='bbox 2338 541 2731 636; x_wconf 80' lang='lat' dir='ltr'>motumsuum</span> <span class='ocrx_word' id='word_1_54' title='bbox 2746 566 2843 612; x_wconf 78' lang='lat' dir='ltr'>re-</span> 
     </span>
     <span class='ocr_line' id='line_1_6' title="bbox 405 637 2834 739; baseline 0.001 -28"><span class='ocrx_word' id='word_1_55' title='bbox 405 642 1023 712; x_wconf 74' lang='lat' dir='ltr'>tinendotaentummodo</span> <span class='ocrx_word' id='word_1_56' title='bbox 1041 659 1220 709; x_wconf 77' lang='lat' dir='ltr'>morus</span> <span class='ocrx_word' id='word_1_57' title='bbox 1239 642 1396 709; x_wconf 79' lang='lat' dir='ltr'>viam</span> <span class='ocrx_word' id='word_1_58' title='bbox 1415 660 1623 710; x_wconf 78' lang='lat' dir='ltr'>mutat.</span> <span class='ocrx_word' id='word_1_59' title='bbox 1680 644 1786 713; x_wconf 86' lang='lat' dir='ltr'>Sic</span> <span class='ocrx_word' id='word_1_60' title='bbox 1804 645 2165 739; x_wconf 83' lang='lat' dir='ltr'>experimur</span> <span class='ocrx_word' id='word_1_61' title='bbox 2182 637 2343 709; x_wconf 89' lang='lat' dir='ltr'>dura</span> <span class='ocrx_word' id='word_1_62' title='bbox 2362 640 2672 735; x_wconf 86' lang='lat' dir='ltr'>quaeliber</span> <span class='ocrx_word' id='word_1_63' title='bbox 2684 666 2834 713; x_wconf 89' lang='lat' dir='ltr'>cor-</span> 
     </span>
     <span class='ocr_line' id='line_1_7' title="bbox 395 735 2836 841; baseline 0 -30"><span class='ocrx_word' id='word_1_64' title='bbox 395 762 573 841; x_wconf 81' lang='lat' dir='ltr'>pora</span> <span class='ocrx_word' id='word_1_65' title='bbox 608 744 948 839; x_wconf 67' lang='lat' dir='ltr'>projesta,</span> <span class='ocrx_word' id='word_1_66' title='bbox 982 763 1135 811; x_wconf 89' lang='lat' dir='ltr'>cum</span> <span class='ocrx_word' id='word_1_67' title='bbox 1162 742 1234 808; x_wconf 90' lang='lat' dir='ltr'>in</span> <span class='ocrx_word' id='word_1_68' title='bbox 1271 736 1448 810; x_wconf 88' lang='lat' dir='ltr'>aliud</span> <span class='ocrx_word' id='word_1_69' title='bbox 1485 764 1724 841; x_wconf 88' lang='lat' dir='ltr'>corpus</span> <span class='ocrx_word' id='word_1_70' title='bbox 1765 748 1969 836; x_wconf 83' lang='lat' dir='ltr'>majus</span> <span class='ocrx_word' id='word_1_71' title='bbox 1992 791 2014 825; x_wconf 92' lang='lat'>,</span> <span class='ocrx_word' id='word_1_72' title='bbox 2052 737 2238 837; x_wconf 89' lang='lat' dir='ltr'>quod</span> <span class='ocrx_word' id='word_1_73' title='bbox 2259 735 2494 811; x_wconf 89' lang='lat' dir='ltr'>durum</span> <span class='ocrx_word' id='word_1_74' title='bbox 2516 741 2607 811; x_wconf 88' lang='lat' dir='ltr'>est</span> <span class='ocrx_word' id='word_1_75' title='bbox 2631 749 2698 813; x_wconf 79' lang='grc' dir='ltr'>δι</span> <span class='ocrx_word' id='word_1_76' title='bbox 2722 739 2836 812; x_wconf 85' lang='lat' dir='ltr'>fir-</span> 
     </span>
    </p>
   </div>
   <div class='ocr_carea' id='block_1_2' title="bbox 276 834 2825 940">
    <p class='ocr_par' dir='ltr' id='par_1_3' title="bbox 276 834 2825 940">
     <span class='ocr_line' id='line_1_8' title="bbox 276 834 2825 940; baseline 0 -29"><span class='ocrx_word' id='word_1_77' title='bbox 276 915 297 920; x_wconf 64' lang='lat'>,</span> <span class='ocrx_word' id='word_1_78' title='bbox 404 866 588 913; x_wconf 86' lang='lat' dir='ltr'>mum</span> <span class='ocrx_word' id='word_1_79' title='bbox 613 894 637 927; x_wconf 91' lang='lat'>,</span> <span class='ocrx_word' id='word_1_80' title='bbox 666 839 1041 940; x_wconf 78' lang='lat' dir='ltr'>impingunt</span> <span class='ocrx_word' id='word_1_81' title='bbox 1058 890 1079 922; x_wconf 90' lang='lat'>,</span> <span class='ocrx_word' id='word_1_82' title='bbox 1117 859 1256 908; x_wconf 89' lang='lat' dir='ltr'>non</span> <span class='ocrx_word' id='word_1_83' title='bbox 1277 836 1436 912; x_wconf 80' lang='lat' dir='ltr'>ideo</span> <span class='ocrx_word' id='word_1_84' title='bbox 1452 844 1705 912; x_wconf 87' lang='lat' dir='ltr'>moveri</span> <span class='ocrx_word' id='word_1_85' title='bbox 1727 837 2014 911; x_wconf 80' lang='lat' dir='ltr'>definere</span> <span class='ocrx_word' id='word_1_86' title='bbox 2031 884 2054 916; x_wconf 72' lang='lat'><em>2</em></span> <span class='ocrx_word' id='word_1_87' title='bbox 2084 836 2193 909; x_wconf 89' lang='lat' dir='ltr'>sed</span> <span class='ocrx_word' id='word_1_88' title='bbox 2211 834 2418 910; x_wconf 85' lang='lat' dir='ltr'>versus</span> <span class='ocrx_word' id='word_1_89' title='bbox 2433 847 2825 912; x_wconf 85' lang='lat' dir='ltr'>contrariam</span> 
     </span>
    </p>
   </div>
   <div class='ocr_carea' id='block_1_3' title="bbox 397 934 2831 2330">
    <p class='ocr_par' dir='ltr' id='par_1_4' title="bbox 401 934 2830 1128">
     <span class='ocr_line' id='line_1_9' title="bbox 401 934 2830 1041; baseline -0.005 -29"><span class='ocrx_word' id='word_1_90' title='bbox 401 964 655 1041; x_wconf 82' lang='lat' dir='ltr'>partem</span> <span class='ocrx_word' id='word_1_91' title='bbox 684 941 965 1012; x_wconf 71' lang='lat' dir='ltr'>refleffi.</span> <span class='ocrx_word' id='word_1_92' title='bbox 985 1024 992 1032; x_wconf 27' lang='grc' dir='ltr'>Ι</span> <span class='ocrx_word' id='word_1_93' title='bbox 1013 934 1398 1034; x_wconf 84' lang='lat' dir='ltr'>Exemplum</span> <span class='ocrx_word' id='word_1_94' title='bbox 1432 934 1751 1012; x_wconf 86' lang='lat' dir='ltr'>habemus</span> <span class='ocrx_word' id='word_1_95' title='bbox 1777 944 1845 1009; x_wconf 91' lang='lat' dir='ltr'>in</span> <span class='ocrx_word' id='word_1_96' title='bbox 1876 941 2007 1039; x_wconf 87' lang='lat' dir='ltr'>pila</span> <span class='ocrx_word' id='word_1_97' title='bbox 2030 990 2052 1025; x_wconf 89' lang='lat'>,</span> <span class='ocrx_word' id='word_1_98' title='bbox 2082 963 2227 1037; x_wconf 82' lang='lat' dir='ltr'>quae</span> <span class='ocrx_word' id='word_1_99' title='bbox 2262 941 2493 1037; x_wconf 84' lang='lat' dir='ltr'>parieti</span> <span class='ocrx_word' id='word_1_100' title='bbox 2516 938 2618 1011; x_wconf 89' lang='lat' dir='ltr'>vel</span> <span class='ocrx_word' id='word_1_101' title='bbox 2645 948 2830 1039; x_wconf 80' lang='lat' dir='ltr'>pavi..</span> 
     </span>
     <span class='ocr_line' id='line_1_10' title="bbox 404 1033 1868 1128; baseline -0.01 -15"><span class='ocrx_word' id='word_1_102' title='bbox 404 1062 637 1114; x_wconf 83' lang='lat' dir='ltr'>mento</span> <span class='ocrx_word' id='word_1_103' title='bbox 666 1035 820 1110; x_wconf 86' lang='lat' dir='ltr'>illisa</span> <span class='ocrx_word' id='word_1_104' title='bbox 839 1033 1059 1107; x_wconf 84' lang='lat' dir='ltr'>refilit.</span> <span class='ocrx_word' id='word_1_105' title='bbox 1234 1123 1241 1128; x_wconf 68' lang='lat'><em>„</em></span> <span class='ocrx_word' id='word_1_106' title='bbox 1865 1123 1868 1124; x_wconf 15' lang='lat'><em>⁷</em></span> 
     </span>
    </p>

    <p class='ocr_par' dir='ltr' id='par_1_5' title="bbox 397 1134 2831 1828">
     <span class='ocr_line' id='line_1_11' title="bbox 452 1134 2828 1234; baseline -0.001 -23"><span class='ocrx_word' id='word_1_107' title='bbox 452 1175 455 1178; x_wconf 95' lang='lat'>·</span> <span class='ocrx_word' id='word_1_108' title='bbox 511 1169 574 1234; x_wconf 73' lang='lat'>3.</span> <span class='ocrx_word' id='word_1_109' title='bbox 624 1145 776 1210; x_wconf 85' lang='lat' dir='ltr'>Pars</span> <span class='ocrx_word' id='word_1_110' title='bbox 813 1134 1051 1234; x_wconf 81' lang='lat' dir='ltr'>regulae</span> <span class='ocrx_word' id='word_1_111' title='bbox 1070 1134 1398 1234; x_wconf 87' lang='lat' dir='ltr'>posterior</span> <span class='ocrx_word' id='word_1_112' title='bbox 1415 1136 1539 1207; x_wconf 80' lang='lat' dir='ltr'>est:</span> <span class='ocrx_word' id='word_1_113' title='bbox 1566 1135 1811 1230; x_wconf 73' lang='lat' dir='ltr'>ficorpus</span> <span class='ocrx_word' id='word_1_114' title='bbox 1830 1159 2002 1207; x_wconf 83' lang='lat' dir='ltr'>unum</span> <span class='ocrx_word' id='word_1_115' title='bbox 2017 1139 2260 1210; x_wconf 79' lang='lat' dir='ltr'>occurrit</span> <span class='ocrx_word' id='word_1_116' title='bbox 2280 1134 2452 1206; x_wconf 76' lang='lat' dir='ltr'>alteri</span> <span class='ocrx_word' id='word_1_117' title='bbox 2469 1139 2737 1206; x_wconf 75' lang='lat' dir='ltr'><em>minorem</em></span> <span class='ocrx_word' id='word_1_118' title='bbox 2752 1144 2828 1209; x_wconf 80' lang='lat' dir='ltr'>ad</span> 
     </span>
     <span class='ocr_line' id='line_1_12' title="bbox 397 1230 2829 1334; baseline -0.002 -24"><span class='ocrx_word' id='word_1_119' title='bbox 397 1231 751 1334; x_wconf 76' lang='lat' dir='ltr'>refistendum</span> <span class='ocrx_word' id='word_1_120' title='bbox 784 1237 906 1306; x_wconf 78' lang='lat' dir='ltr'>vim</span> <span class='ocrx_word' id='word_1_121' title='bbox 922 1236 1146 1303; x_wconf 74' lang='lat' dir='ltr'>babenti</span> <span class='ocrx_word' id='word_1_122' title='bbox 1165 1284 1187 1318; x_wconf 90' lang='lat'>,</span> <span class='ocrx_word' id='word_1_123' title='bbox 1225 1230 1395 1324; x_wconf 54' lang='lat' dir='ltr'>quam</span> <span class='ocrx_word' id='word_1_124' title='bbox 1412 1234 1590 1328; x_wconf 79' lang='lat' dir='ltr'>ipsum</span> <span class='ocrx_word' id='word_1_125' title='bbox 1607 1233 2363 1329; x_wconf 63' lang='lat' dir='ltr'>babetadreflhpergendum</span> <span class='ocrx_word' id='word_1_126' title='bbox 2382 1284 2405 1319; x_wconf 91' lang='lat'>,</span> <span class='ocrx_word' id='word_1_127' title='bbox 2440 1234 2720 1304; x_wconf 66' lang='lat' dir='ltr'>ruminata</span> <span class='ocrx_word' id='word_1_128' title='bbox 2735 1240 2829 1304; x_wconf 71' lang='lat' dir='ltr'>al-</span> 
     </span>
     <span class='ocr_line' id='line_1_13' title="bbox 398 1329 2831 1428; baseline -0.001 -21"><span class='ocrx_word' id='word_1_129' title='bbox 398 1357 591 1408; x_wconf 81' lang='lat' dir='ltr'>terum</span> <span class='ocrx_word' id='word_1_130' title='bbox 614 1333 807 1428; x_wconf 76' lang='lat' dir='ltr'>secum</span> <span class='ocrx_word' id='word_1_131' title='bbox 839 1350 1025 1404; x_wconf 78' lang='lat' dir='ltr'>movet</span> <span class='ocrx_word' id='word_1_132' title='bbox 1044 1373 1071 1408; x_wconf 82' lang='lat'>,</span> <span class='ocrx_word' id='word_1_133' title='bbox 1103 1336 1182 1412; x_wconf 67' lang='grc' dir='ltr'>ὁ·</span> <span class='ocrx_word' id='word_1_134' title='bbox 1211 1353 1490 1420; x_wconf 74' lang='lat' dir='ltr'>quantum</span> <span class='ocrx_word' id='word_1_135' title='bbox 1525 1329 1578 1402; x_wconf 73' lang='lat' dir='ltr'>&#39;ei</span> <span class='ocrx_word' id='word_1_136' title='bbox 1596 1335 1841 1422; x_wconf 78' lang='lat' dir='ltr'>largitur</span> <span class='ocrx_word' id='word_1_137' title='bbox 1861 1333 2032 1424; x_wconf 75' lang='lat' dir='ltr'>defleo</span> <span class='ocrx_word' id='word_1_138' title='bbox 2052 1353 2205 1404; x_wconf 80' lang='lat' dir='ltr'>motu</span> <span class='ocrx_word' id='word_1_139' title='bbox 2223 1383 2243 1416; x_wconf 91' lang='lat'>,</span> <span class='ocrx_word' id='word_1_140' title='bbox 2276 1333 2610 1403; x_wconf 78' lang='lat' dir='ltr'>tantundem</span> <span class='ocrx_word' id='word_1_141' title='bbox 2620 1333 2831 1423; x_wconf 72' lang='lat' dir='ltr'>perdit.</span> 
     </span>
     <span class='ocr_line' id='line_1_14' title="bbox 401 1423 2827 1529; baseline -0.001 -25"><span class='ocrx_word' id='word_1_142' title='bbox 401 1439 503 1504; x_wconf 86' lang='lat' dir='ltr'>Ita</span> <span class='ocrx_word' id='word_1_143' title='bbox 523 1431 888 1528; x_wconf 83' lang='lat' dir='ltr'>experimur</span> <span class='ocrx_word' id='word_1_144' title='bbox 902 1482 924 1513; x_wconf 91' lang='lat'>,</span> <span class='ocrx_word' id='word_1_145' title='bbox 963 1429 1123 1501; x_wconf 89' lang='lat' dir='ltr'>dura</span> <span class='ocrx_word' id='word_1_146' title='bbox 1134 1425 1448 1526; x_wconf 82' lang='lat' dir='ltr'>quaeliber</span> <span class='ocrx_word' id='word_1_147' title='bbox 1461 1453 1745 1529; x_wconf 84' lang='lat' dir='ltr'>corpora</span> <span class='ocrx_word' id='word_1_148' title='bbox 1763 1423 2062 1526; x_wconf 67' lang='lat' dir='ltr'>projecta</span> <span class='ocrx_word' id='word_1_149' title='bbox 2090 1480 2111 1516; x_wconf 98' lang='lat'>,</span> <span class='ocrx_word' id='word_1_150' title='bbox 2134 1430 2287 1501; x_wconf 67' lang='lat' dir='ltr'>etim</span> <span class='ocrx_word' id='word_1_151' title='bbox 2308 1450 2659 1501; x_wconf 88' lang='lat' dir='ltr'>occurrunt</span> <span class='ocrx_word' id='word_1_152' title='bbox 2677 1455 2827 1502; x_wconf 89' lang='lat' dir='ltr'>cor-</span> 
     </span>
     <span class='ocr_line' id='line_1_15' title="bbox 404 1524 2830 1631; baseline -0.001 -30"><span class='ocrx_word' id='word_1_153' title='bbox 404 1535 557 1631; x_wconf 86' lang='lat' dir='ltr'>pori</span> <span class='ocrx_word' id='word_1_154' title='bbox 584 1526 774 1599; x_wconf 85' lang='lat' dir='ltr'>molli</span> <span class='ocrx_word' id='word_1_155' title='bbox 796 1581 819 1613; x_wconf 91' lang='lat'>,</span> <span class='ocrx_word' id='word_1_156' title='bbox 853 1534 1002 1626; x_wconf 81' lang='lat' dir='ltr'>quia</span> <span class='ocrx_word' id='word_1_157' title='bbox 1039 1524 1234 1599; x_wconf 71' lang='lat' dir='ltr'>facile</span> <span class='ocrx_word' id='word_1_158' title='bbox 1268 1532 1336 1597; x_wconf 90' lang='lat' dir='ltr'>in</span> <span class='ocrx_word' id='word_1_159' title='bbox 1350 1526 1510 1600; x_wconf 85' lang='lat' dir='ltr'>illud</span> <span class='ocrx_word' id='word_1_160' title='bbox 1531 1552 1799 1601; x_wconf 89' lang='lat' dir='ltr'>omnem</span> <span class='ocrx_word' id='word_1_161' title='bbox 1818 1525 1999 1600; x_wconf 87' lang='lat' dir='ltr'>suum</span> <span class='ocrx_word' id='word_1_162' title='bbox 2016 1552 2271 1602; x_wconf 90' lang='lat' dir='ltr'>motum</span> <span class='ocrx_word' id='word_1_163' title='bbox 2292 1525 2714 1614; x_wconf 80' lang='lat' dir='ltr'>transferunt,</span> <span class='ocrx_word' id='word_1_164' title='bbox 2747 1529 2830 1600; x_wconf 92' lang='lat' dir='ltr'>il-</span> 
     </span>
     <span class='ocr_line' id='line_1_16' title="bbox 406 1624 2827 1728; baseline 0 -27"><span class='ocrx_word' id='word_1_165' title='bbox 406 1633 542 1701; x_wconf 87' lang='lat' dir='ltr'>lico</span> <span class='ocrx_word' id='word_1_166' title='bbox 579 1626 615 1699; x_wconf 72' lang='lat' dir='ltr'>a</span> <span class='ocrx_word' id='word_1_167' title='bbox 640 1650 826 1699; x_wconf 89' lang='lat' dir='ltr'>motu</span> <span class='ocrx_word' id='word_1_168' title='bbox 848 1624 1103 1712; x_wconf 54' lang='lat' dir='ltr'>cellares</span> <span class='ocrx_word' id='word_1_169' title='bbox 1156 1626 1540 1728; x_wconf 80' lang='lat' dir='ltr'>Exemplum</span> <span class='ocrx_word' id='word_1_170' title='bbox 1569 1629 1739 1700; x_wconf 90' lang='lat' dir='ltr'>estin</span> <span class='ocrx_word' id='word_1_171' title='bbox 1759 1626 1888 1728; x_wconf 84' lang='lat' dir='ltr'>pila</span> <span class='ocrx_word' id='word_1_172' title='bbox 1906 1672 1929 1704; x_wconf 72' lang='lat'><em>2</em></span> <span class='ocrx_word' id='word_1_173' title='bbox 1970 1654 2114 1727; x_wconf 77' lang='lat' dir='ltr'>quae</span> <span class='ocrx_word' id='word_1_174' title='bbox 2135 1635 2197 1700; x_wconf 91' lang='lat' dir='ltr'>in</span> <span class='ocrx_word' id='word_1_175' title='bbox 2220 1627 2440 1700; x_wconf 87' lang='lat' dir='ltr'>lanam</span> <span class='ocrx_word' id='word_1_176' title='bbox 2456 1631 2827 1728; x_wconf 85' lang='lat' dir='ltr'>projicitur.</span> 
     </span>
     <span class='ocr_line' id='line_1_17' title="bbox 409 1726 2825 1828; baseline -0 -27"><span class='ocrx_word' id='word_1_177' title='bbox 409 1729 559 1801; x_wconf 74' lang='lat' dir='ltr'>Imo</span> <span class='ocrx_word' id='word_1_178' title='bbox 590 1735 788 1800; x_wconf 87' lang='lat' dir='ltr'>etiarn</span> <span class='ocrx_word' id='word_1_179' title='bbox 807 1780 827 1813; x_wconf 91' lang='lat'>,</span> <span class='ocrx_word' id='word_1_180' title='bbox 861 1727 1048 1826; x_wconf 76' lang='lat' dir='ltr'>quod</span> <span class='ocrx_word' id='word_1_181' title='bbox 1074 1727 1207 1827; x_wconf 87' lang='lat' dir='ltr'>pila</span> <span class='ocrx_word' id='word_1_182' title='bbox 1235 1733 1466 1826; x_wconf 78' lang='lat' dir='ltr'>parieti</span> <span class='ocrx_word' id='word_1_183' title='bbox 1488 1727 1589 1802; x_wconf 84' lang='lat' dir='ltr'>vel</span> <span class='ocrx_word' id='word_1_184' title='bbox 1608 1730 1996 1828; x_wconf 88' lang='lat' dir='ltr'>pavimento</span> <span class='ocrx_word' id='word_1_185' title='bbox 2011 1726 2167 1814; x_wconf 65' lang='lat' dir='ltr'>illisa</span> <span class='ocrx_word' id='word_1_186' title='bbox 2184 1726 2267 1799; x_wconf 89' lang='lat' dir='ltr'>ad</span> <span class='ocrx_word' id='word_1_187' title='bbox 2288 1728 2639 1799; x_wconf 86' lang='lat' dir='ltr'>dimidium</span> <span class='ocrx_word' id='word_1_188' title='bbox 2673 1738 2706 1817; x_wconf 84' lang='grc'><strong><em>&lt;</em></strong></span> <span class='ocrx_word' id='word_1_189' title='bbox 2722 1728 2825 1800; x_wconf 86' lang='lat' dir='ltr'>vel</span> 
     </span>
    </p>

    <p class='ocr_par' dir='ltr' id='par_1_6' title="bbox 398 1825 2830 2330">
     <span class='ocr_line' id='line_1_18' title="bbox 456 1825 2830 1928; baseline -0.001 -27"><span class='ocrx_word' id='word_1_190' title='bbox 456 1826 584 1902; x_wconf 83' lang='lat' dir='ltr'>uafi</span> <span class='ocrx_word' id='word_1_191' title='bbox 602 1826 995 1912; x_wconf 88' lang='lat' dir='ltr'>dimidium)</span> <span class='ocrx_word' id='word_1_192' title='bbox 1025 1826 1495 1900; x_wconf 88' lang='lat' dir='ltr'>tantummodo</span> <span class='ocrx_word' id='word_1_193' title='bbox 1514 1825 1788 1928; x_wconf 83' lang='lat' dir='ltr'>spatium</span> <span class='ocrx_word' id='word_1_194' title='bbox 1803 1825 2032 1902; x_wconf 72' lang='lat' dir='ltr'>resiliat</span> <span class='ocrx_word' id='word_1_195' title='bbox 2052 1883 2074 1914; x_wconf 91' lang='lat'>,</span> <span class='ocrx_word' id='word_1_196' title='bbox 2117 1829 2336 1901; x_wconf 89' lang='lat' dir='ltr'>donec</span> <span class='ocrx_word' id='word_1_197' title='bbox 2356 1827 2625 1901; x_wconf 88' lang='lat' dir='ltr'>tandem</span> <span class='ocrx_word' id='word_1_198' title='bbox 2645 1835 2830 1925; x_wconf 86' lang='lat' dir='ltr'>quie-</span> 
     </span>
     <span class='ocr_line' id='line_1_19' title="bbox 403 1856 2827 2029; baseline -0.002 -27"><span class='ocrx_word' id='word_1_199' title='bbox 403 1856 575 2008; x_wconf 56' lang='lat' dir='ltr'>?can</span> <span class='ocrx_word' id='word_1_200' title='bbox 609 1924 792 2002; x_wconf 80' lang='lat' dir='ltr'>causa</span> <span class='ocrx_word' id='word_1_201' title='bbox 829 1930 962 2014; x_wconf 90' lang='lat' dir='ltr'>est,</span> <span class='ocrx_word' id='word_1_202' title='bbox 1007 1927 1194 2027; x_wconf 89' lang='lat' dir='ltr'>quod</span> <span class='ocrx_word' id='word_1_203' title='bbox 1230 1930 1512 2000; x_wconf 88' lang='lat' dir='ltr'>multum</span> <span class='ocrx_word' id='word_1_204' title='bbox 1530 1929 1617 2000; x_wconf 88' lang='lat' dir='ltr'>sui</span> <span class='ocrx_word' id='word_1_205' title='bbox 1644 1952 1868 2002; x_wconf 88' lang='lat' dir='ltr'>motus</span> <span class='ocrx_word' id='word_1_206' title='bbox 1888 1935 2507 2004; x_wconf 59' lang='lat' dir='ltr'>aericommunicet.</span> <span class='ocrx_word' id='word_1_207' title='bbox 2557 1928 2827 2029; x_wconf 87' lang='lat' dir='ltr'>Nempe</span> 
     </span>
     <span class='ocr_line' id='line_1_20' title="bbox 399 2022 2824 2132; baseline -0.001 -30"><span class='ocrx_word' id='word_1_208' title='bbox 399 2037 467 2102; x_wconf 89' lang='lat' dir='ltr'>in</span> <span class='ocrx_word' id='word_1_209' title='bbox 496 2053 779 2132; x_wconf 83' lang='lat' dir='ltr'>corpora</span> <span class='ocrx_word' id='word_1_210' title='bbox 791 2025 1076 2128; x_wconf 87' lang='lat' dir='ltr'>liquida,</span> <span class='ocrx_word' id='word_1_211' title='bbox 1109 2027 1309 2101; x_wconf 87' lang='lat' dir='ltr'>fluida</span> <span class='ocrx_word' id='word_1_212' title='bbox 1330 2081 1354 2114; x_wconf 90' lang='lat'>,</span> <span class='ocrx_word' id='word_1_213' title='bbox 1384 2027 1611 2101; x_wconf 87' lang='lat' dir='ltr'>mollia</span> <span class='ocrx_word' id='word_1_214' title='bbox 1631 2081 1654 2114; x_wconf 91' lang='lat'>,</span> <span class='ocrx_word' id='word_1_215' title='bbox 1685 2053 1802 2102; x_wconf 90' lang='lat' dir='ltr'>aut</span> <span class='ocrx_word' id='word_1_216' title='bbox 1820 2022 2042 2104; x_wconf 85' lang='lat' dir='ltr'>saltein</span> <span class='ocrx_word' id='word_1_217' title='bbox 2062 2055 2197 2102; x_wconf 89' lang='lat' dir='ltr'>non</span> <span class='ocrx_word' id='word_1_218' title='bbox 2220 2029 2412 2130; x_wconf 67' lang='lat' dir='ltr'>plane</span> <span class='ocrx_word' id='word_1_219' title='bbox 2428 2028 2588 2103; x_wconf 82' lang='lat' dir='ltr'>dura</span> <span class='ocrx_word' id='word_1_220' title='bbox 2605 2029 2824 2129; x_wconf 85' lang='lat' dir='ltr'>potest</span> 
     </span>
     <span class='ocr_line' id='line_1_21' title="bbox 398 2127 2826 2231; baseline -0 -31"><span class='ocrx_word' id='word_1_221' title='bbox 398 2154 618 2204; x_wconf 88' lang='lat' dir='ltr'>motus</span> <span class='ocrx_word' id='word_1_222' title='bbox 632 2127 958 2204; x_wconf 79' lang='lat' dir='ltr'>transferri</span> <span class='ocrx_word' id='word_1_223' title='bbox 976 2183 997 2216; x_wconf 89' lang='lat'>,</span> <span class='ocrx_word' id='word_1_224' title='bbox 1034 2129 1193 2202; x_wconf 88' lang='lat' dir='ltr'>dum</span> <span class='ocrx_word' id='word_1_225' title='bbox 1207 2128 1505 2230; x_wconf 84' lang='lat' dir='ltr'>plurimae</span> <span class='ocrx_word' id='word_1_226' title='bbox 1522 2154 1755 2202; x_wconf 88' lang='lat' dir='ltr'>eorum</span> <span class='ocrx_word' id='word_1_227' title='bbox 1775 2154 1988 2231; x_wconf 83' lang='lat' dir='ltr'>partes</span> <span class='ocrx_word' id='word_1_228' title='bbox 2008 2155 2145 2203; x_wconf 88' lang='lat' dir='ltr'>non</span> <span class='ocrx_word' id='word_1_229' title='bbox 2164 2153 2295 2203; x_wconf 87' lang='lat' dir='ltr'>tam</span> <span class='ocrx_word' id='word_1_230' title='bbox 2319 2130 2589 2203; x_wconf 87' lang='lat' dir='ltr'>firmiter</span> <span class='ocrx_word' id='word_1_231' title='bbox 2604 2127 2826 2201; x_wconf 69' lang='lat' dir='ltr'>cohar-</span> 
     </span>
     <span class='ocr_line' id='line_1_22' title="bbox 402 2229 2824 2330; baseline -0 -30"><span class='ocrx_word' id='word_1_232' title='bbox 402 2255 587 2315; x_wconf 63' lang='lat' dir='ltr'>rent,</span> <span class='ocrx_word' id='word_1_233' title='bbox 618 2235 780 2329; x_wconf 84' lang='lat' dir='ltr'>quin</span> <span class='ocrx_word' id='word_1_234' title='bbox 810 2229 1054 2329; x_wconf 85' lang='lat' dir='ltr'>poffint</span> <span class='ocrx_word' id='word_1_235' title='bbox 1080 2251 1199 2326; x_wconf 85' lang='lat' dir='ltr'>per</span> <span class='ocrx_word' id='word_1_236' title='bbox 1235 2253 1499 2302; x_wconf 88' lang='lat' dir='ltr'>motum</span> <span class='ocrx_word' id='word_1_237' title='bbox 1536 2234 1806 2330; x_wconf 81' lang='lat' dir='ltr'>separari</span> <span class='ocrx_word' id='word_1_238' title='bbox 1828 2283 1850 2315; x_wconf 91' lang='lat'>,</span> <span class='ocrx_word' id='word_1_239' title='bbox 1886 2255 1994 2302; x_wconf 81' lang='lat' dir='ltr'>aut</span> <span class='ocrx_word' id='word_1_240' title='bbox 2024 2234 2201 2303; x_wconf 70' lang='lat' dir='ltr'>certe</span> <span class='ocrx_word' id='word_1_241' title='bbox 2222 2255 2353 2303; x_wconf 89' lang='lat' dir='ltr'>tam</span> <span class='ocrx_word' id='word_1_242' title='bbox 2375 2231 2672 2302; x_wconf 86' lang='lat' dir='ltr'>celeriter</span> <span class='ocrx_word' id='word_1_243' title='bbox 2684 2254 2824 2299; x_wconf 87' lang='lat' dir='ltr'>non</span> 
     </span>
    </p>
   </div>
   <div class='ocr_carea' id='block_1_4' title="bbox 403 2326 2824 2523">
    <p class='ocr_par' dir='ltr' id='par_1_7' title="bbox 403 2326 2824 2523">
     <span class='ocr_line' id='line_1_23' title="bbox 403 2326 2824 2428; baseline 0.001 -32"><span class='ocrx_word' id='word_1_244' title='bbox 403 2351 792 2409; x_wconf 83' lang='lat' dir='ltr'>moventur,</span> <span class='ocrx_word' id='word_1_245' title='bbox 824 2353 983 2423; x_wconf 85' lang='lat' dir='ltr'>qum</span> <span class='ocrx_word' id='word_1_246' title='bbox 1015 2327 1345 2400; x_wconf 85' lang='lat' dir='ltr'>celerioris</span> <span class='ocrx_word' id='word_1_247' title='bbox 1377 2352 1600 2401; x_wconf 89' lang='lat' dir='ltr'>motus</span> <span class='ocrx_word' id='word_1_248' title='bbox 1638 2328 1759 2400; x_wconf 82' lang='lat' dir='ltr'>sint</span> <span class='ocrx_word' id='word_1_249' title='bbox 1791 2354 2095 2428; x_wconf 79' lang='lat' dir='ltr'>capaces,</span> <span class='ocrx_word' id='word_1_250' title='bbox 2128 2328 2699 2426; x_wconf 85' lang='lat' dir='ltr'>quemadmodum</span> <span class='ocrx_word' id='word_1_251' title='bbox 2738 2326 2824 2399; x_wconf 83' lang='lat' dir='ltr'>de</span> 
     </span>
     <span class='ocr_line' id='line_1_24' title="bbox 415 2420 2022 2523; baseline 0.003 -29"><span class='ocrx_word' id='word_1_252' title='bbox 415 2420 836 2502; x_wconf 81' lang='lat' dir='ltr'>terrestribus,</span> <span class='ocrx_word' id='word_1_253' title='bbox 853 2422 1043 2523; x_wconf 90' lang='lat' dir='ltr'>Disp.</span> <span class='ocrx_word' id='word_1_254' title='bbox 1068 2430 1176 2496; x_wconf 89' lang='lat' dir='ltr'>XI</span> <span class='ocrx_word' id='word_1_255' title='bbox 1193 2433 1276 2497; x_wconf 91' lang='lat' dir='ltr'>X.</span> <span class='ocrx_word' id='word_1_256' title='bbox 1314 2424 1404 2497; x_wconf 84' lang='lat' dir='ltr'>th.</span> <span class='ocrx_word' id='word_1_257' title='bbox 1428 2454 1502 2513; x_wconf 86' lang='lat'>7,</span> <span class='ocrx_word' id='word_1_258' title='bbox 1519 2425 2022 2501; x_wconf 86' lang='lat' dir='ltr'>observavimus.</span> 
     </span>
    </p>
   </div>
   <div class='ocr_carea' id='block_1_5' title="bbox 411 2520 2825 2719">
    <p class='ocr_par' dir='ltr' id='par_1_8' title="bbox 411 2520 2825 2719">
     <span class='ocr_line' id='line_1_25' title="bbox 442 2520 2825 2623; baseline 0.002 -34"><span class='ocrx_word' id='word_1_259' title='bbox 442 2572 447 2577; x_wconf 67' lang='grc'><em>.</em></span> <span class='ocrx_word' id='word_1_260' title='bbox 505 2547 580 2617; x_wconf 86' lang='lat'>4.</span> <span class='ocrx_word' id='word_1_261' title='bbox 625 2522 1133 2591; x_wconf 87' lang='lat' dir='ltr'>Demonstratur</span> <span class='ocrx_word' id='word_1_262' title='bbox 1153 2541 1288 2612; x_wconf 69' lang='lat' dir='ltr'>pars</span> <span class='ocrx_word' id='word_1_263' title='bbox 1300 2526 1452 2613; x_wconf 79' lang='lat' dir='ltr'>prior</span> <span class='ocrx_word' id='word_1_264' title='bbox 1484 2522 1673 2620; x_wconf 86' lang='lat' dir='ltr'>hujus</span> <span class='ocrx_word' id='word_1_265' title='bbox 1697 2522 1867 2623; x_wconf 68' lang='lat' dir='ltr'>legis</span> <span class='ocrx_word' id='word_1_266' title='bbox 1894 2552 1970 2597; x_wconf 87' lang='lat' dir='ltr'>ex</span> <span class='ocrx_word' id='word_1_267' title='bbox 2003 2549 2126 2606; x_wconf 87' lang='lat' dir='ltr'>eo,</span> <span class='ocrx_word' id='word_1_268' title='bbox 2158 2524 2344 2619; x_wconf 90' lang='lat' dir='ltr'>quod</span> <span class='ocrx_word' id='word_1_269' title='bbox 2368 2520 2825 2595; x_wconf 81' lang='lat' dir='ltr'>differentiafit</span> 
     </span>
     <span class='ocr_line' id='line_1_26' title="bbox 411 2614 2824 2719; baseline 0 -29"><span class='ocrx_word' id='word_1_270' title='bbox 411 2624 580 2692; x_wconf 90' lang='lat' dir='ltr'>inter</span> <span class='ocrx_word' id='word_1_271' title='bbox 614 2640 882 2690; x_wconf 87' lang='lat' dir='ltr'>motum</span> <span class='ocrx_word' id='word_1_272' title='bbox 916 2614 1126 2718; x_wconf 82' lang='lat' dir='ltr'>ipsum</span> <span class='ocrx_word' id='word_1_273' title='bbox 1152 2625 1225 2689; x_wconf 86' lang='lat'>&amp;</span> <span class='ocrx_word' id='word_1_274' title='bbox 1255 2617 1689 2693; x_wconf 72' lang='lat' dir='ltr'>direfflonem</span> <span class='ocrx_word' id='word_1_275' title='bbox 1710 2645 1933 2695; x_wconf 90' lang='lat' dir='ltr'>motus</span> <span class='ocrx_word' id='word_1_276' title='bbox 1954 2617 2165 2692; x_wconf 87' lang='lat' dir='ltr'>versus</span> <span class='ocrx_word' id='word_1_277' title='bbox 2184 2645 2425 2691; x_wconf 88' lang='lat' dir='ltr'>certam</span> <span class='ocrx_word' id='word_1_278' title='bbox 2450 2623 2824 2719; x_wconf 79' lang='lat' dir='ltr'>regionem,</span> 
     </span>
    </p>
   </div>
   <div class='ocr_carea' id='block_1_6' title="bbox 406 2713 2831 3019">
    <p class='ocr_par' dir='ltr' id='par_1_9' title="bbox 406 2713 2831 3019">
     <span class='ocr_line' id='line_1_27' title="bbox 411 2713 2831 2818; baseline -0.001 -27"><span class='ocrx_word' id='word_1_279' title='bbox 411 2718 568 2792; x_wconf 72' lang='lat' dir='ltr'>cixm</span> <span class='ocrx_word' id='word_1_280' title='bbox 609 2717 749 2790; x_wconf 90' lang='lat' dir='ltr'>duo</span> <span class='ocrx_word' id='word_1_281' title='bbox 785 2714 910 2790; x_wconf 84' lang='lat' dir='ltr'>fint</span> <span class='ocrx_word' id='word_1_282' title='bbox 926 2713 1162 2813; x_wconf 88' lang='lat' dir='ltr'>modi,</span> <span class='ocrx_word' id='word_1_283' title='bbox 1204 2727 1489 2813; x_wconf 79' lang='lat' dir='ltr'>quorum</span> <span class='ocrx_word' id='word_1_284' title='bbox 1512 2743 1675 2792; x_wconf 89' lang='lat' dir='ltr'>unus</span> <span class='ocrx_word' id='word_1_285' title='bbox 1689 2719 1872 2794; x_wconf 91' lang='lat' dir='ltr'>alteri</span> <span class='ocrx_word' id='word_1_286' title='bbox 1890 2726 1958 2790; x_wconf 89' lang='lat' dir='ltr'>in</span> <span class='ocrx_word' id='word_1_287' title='bbox 1976 2716 2206 2790; x_wconf 87' lang='lat' dir='ltr'>eadem</span> <span class='ocrx_word' id='word_1_288' title='bbox 2226 2716 2564 2791; x_wconf 87' lang='lat' dir='ltr'>substantia</span> <span class='ocrx_word' id='word_1_289' title='bbox 2584 2743 2831 2818; x_wconf 86' lang='lat' dir='ltr'>corpo-</span> 
     </span>
     <span class='ocr_line' id='line_1_28' title="bbox 409 2811 2818 2915; baseline -0 -22"><span class='ocrx_word' id='word_1_290' title='bbox 409 2846 516 2893; x_wconf 88' lang='lat' dir='ltr'>rea</span> <span class='ocrx_word' id='word_1_291' title='bbox 564 2816 873 2904; x_wconf 81' lang='lat' dir='ltr'>additur,</span> <span class='ocrx_word' id='word_1_292' title='bbox 914 2811 1488 2915; x_wconf 83' lang='lat' dir='ltr'>quemadmodum</span> <span class='ocrx_word' id='word_1_293' title='bbox 1538 2816 1740 2891; x_wconf 84' lang='lat' dir='ltr'>cursui</span> <span class='ocrx_word' id='word_1_294' title='bbox 1782 2818 2036 2892; x_wconf 84' lang='lat' dir='ltr'>aceedit</span> <span class='ocrx_word' id='word_1_295' title='bbox 2080 2818 2372 2895; x_wconf 86' lang='lat' dir='ltr'>celeritas</span> <span class='ocrx_word' id='word_1_296' title='bbox 2409 2818 2512 2891; x_wconf 90' lang='lat' dir='ltr'>vel</span> <span class='ocrx_word' id='word_1_297' title='bbox 2539 2817 2818 2892; x_wconf 82' lang='lat' dir='ltr'>tarditas.</span> 
     </span>
     <span class='ocr_line' id='line_1_29' title="bbox 406 2914 2821 3019; baseline -0.001 -28"><span class='ocrx_word' id='word_1_298' title='bbox 406 2916 1008 3019; x_wconf 79' lang='lat' dir='ltr'>Qmadmodum</span> <span class='ocrx_word' id='word_1_299' title='bbox 1045 2920 1237 3017; x_wconf 83' lang='lat' dir='ltr'>igitur</span> <span class='ocrx_word' id='word_1_300' title='bbox 1268 2916 1559 2989; x_wconf 81' lang='lat' dir='ltr'>celeritas</span> <span class='ocrx_word' id='word_1_301' title='bbox 1587 2914 1775 2991; x_wconf 69' lang='lat' dir='ltr'>facile</span> <span class='ocrx_word' id='word_1_302' title='bbox 1807 2920 1843 2991; x_wconf 67' lang='lat' dir='ltr'>a*</span> <span class='ocrx_word' id='word_1_303' title='bbox 1865 2916 2042 2992; x_wconf 88' lang='lat' dir='ltr'>cursu</span> <span class='ocrx_word' id='word_1_304' title='bbox 2062 2924 2212 3017; x_wconf 86' lang='lat' dir='ltr'>equi</span> <span class='ocrx_word' id='word_1_305' title='bbox 2232 2916 2442 2991; x_wconf 77' lang='lat' dir='ltr'>abesse</span> <span class='ocrx_word' id='word_1_306' title='bbox 2459 2920 2712 3018; x_wconf 86' lang='lat' dir='ltr'>potest,</span> <span class='ocrx_word' id='word_1_307' title='bbox 2747 2926 2821 2989; x_wconf 77' lang='grc' dir='ltr'>δε</span> 
     </span>
    </p>
   </div>
   <div class='ocr_carea' id='block_1_7' title="bbox 412 3013 2998 3120">
    <p class='ocr_par' dir='ltr' id='par_1_10' title="bbox 412 3013 2998 3120">
     <span class='ocr_line' id='line_1_30' title="bbox 412 3013 2998 3120; baseline -0.002 -29"><span class='ocrx_word' id='word_1_308' title='bbox 412 3040 633 3091; x_wconf 83' lang='lat' dir='ltr'>revera</span> <span class='ocrx_word' id='word_1_309' title='bbox 662 3016 843 3091; x_wconf 89' lang='lat' dir='ltr'>abest</span> <span class='ocrx_word' id='word_1_310' title='bbox 868 3073 888 3105; x_wconf 90' lang='lat'>,</span> <span class='ocrx_word' id='word_1_311' title='bbox 929 3016 1089 3089; x_wconf 87' lang='lat' dir='ltr'>dum</span> <span class='ocrx_word' id='word_1_312' title='bbox 1119 3013 1359 3088; x_wconf 71' lang='lat' dir='ltr'>tardius</span> <span class='ocrx_word' id='word_1_313' title='bbox 1375 3024 1603 3089; x_wconf 87' lang='lat' dir='ltr'>currit:</span> <span class='ocrx_word' id='word_1_314' title='bbox 1636 3016 1926 3091; x_wconf 82' lang='lat' dir='ltr'>itafacile</span> <span class='ocrx_word' id='word_1_315' title='bbox 1944 3020 2155 3120; x_wconf 87' lang='lat' dir='ltr'>potest</span> <span class='ocrx_word' id='word_1_316' title='bbox 2175 3018 2450 3107; x_wconf 68' lang='lat' dir='ltr'>direffio</span> <span class='ocrx_word' id='word_1_317' title='bbox 2475 3042 2695 3091; x_wconf 88' lang='lat' dir='ltr'>motus</span> <span class='ocrx_word' id='word_1_318' title='bbox 2709 3042 2823 3091; x_wconf 86' lang='lat' dir='ltr'>va·</span> <span class='ocrx_word' id='word_1_319' title='bbox 2915 3086 2920 3087; x_wconf 9' lang='grc' dir='ltr'><em>γ</em></span> <span class='ocrx_word' id='word_1_320' title='bbox 2995 3034 2998 3039; x_wconf 84' lang='grc'><strong><em>·</em></strong></span> 
     </span>
    </p>
   </div>
   <div class='ocr_carea' id='block_1_8' title="bbox 406 3114 2928 3916">
    <p class='ocr_par' dir='ltr' id='par_1_11' title="bbox 406 3114 2825 3495">
     <span class='ocr_line' id='line_1_31' title="bbox 411 3114 2823 3219; baseline -0.001 -28"><span class='ocrx_word' id='word_1_321' title='bbox 411 3123 554 3191; x_wconf 84' lang='lat' dir='ltr'>tiari</span> <span class='ocrx_word' id='word_1_322' title='bbox 577 3173 601 3206; x_wconf 92' lang='lat'>,</span> <span class='ocrx_word' id='word_1_323' title='bbox 625 3142 818 3193; x_wconf 88' lang='lat' dir='ltr'>motu</span> <span class='ocrx_word' id='word_1_324' title='bbox 847 3114 984 3215; x_wconf 84' lang='lat' dir='ltr'>ipso</span> <span class='ocrx_word' id='word_1_325' title='bbox 1015 3121 1462 3188; x_wconf 86' lang='lat' dir='ltr'>continuante.</span> <span class='ocrx_word' id='word_1_326' title='bbox 1512 3123 1700 3216; x_wconf 78' lang='lat' dir='ltr'>Qu</span> <span class='ocrx_word' id='word_1_327' title='bbox 1726 3117 1975 3193; x_wconf 82' lang='lat' dir='ltr'>facilius</span> <span class='ocrx_word' id='word_1_328' title='bbox 2010 3118 2171 3190; x_wconf 88' lang='lat' dir='ltr'>illud</span> <span class='ocrx_word' id='word_1_329' title='bbox 2191 3117 2543 3218; x_wconf 86' lang='lat' dir='ltr'>intelliges,</span> <span class='ocrx_word' id='word_1_330' title='bbox 2573 3117 2621 3189; x_wconf 85' lang='lat' dir='ltr'>fi</span> <span class='ocrx_word' id='word_1_331' title='bbox 2639 3123 2823 3219; x_wconf 86' lang='lat' dir='ltr'>cogi-</span> 
     </span>
     <span class='ocr_line' id='line_1_32' title="bbox 412 3213 2819 3320; baseline -0.001 -29"><span class='ocrx_word' id='word_1_332' title='bbox 412 3233 555 3303; x_wconf 85' lang='lat' dir='ltr'>tes,</span> <span class='ocrx_word' id='word_1_333' title='bbox 585 3224 675 3290; x_wconf 87' lang='lat' dir='ltr'>ita</span> <span class='ocrx_word' id='word_1_334' title='bbox 705 3215 843 3289; x_wconf 72' lang='lat' dir='ltr'>fere</span> <span class='ocrx_word' id='word_1_335' title='bbox 874 3215 935 3289; x_wconf 89' lang='lat' dir='ltr'>se</span> <span class='ocrx_word' id='word_1_336' title='bbox 962 3241 1107 3288; x_wconf 87' lang='lat' dir='ltr'>rem</span> <span class='ocrx_word' id='word_1_337' title='bbox 1138 3213 1382 3287; x_wconf 88' lang='lat' dir='ltr'>habere</span> <span class='ocrx_word' id='word_1_338' title='bbox 1408 3259 1429 3297; x_wconf 85' lang='lat'>‚</span> <span class='ocrx_word' id='word_1_339' title='bbox 1462 3242 1538 3287; x_wconf 88' lang='lat' dir='ltr'>ac</span> <span class='ocrx_word' id='word_1_340' title='bbox 1571 3219 1619 3290; x_wconf 79' lang='lat' dir='ltr'>fi</span> <span class='ocrx_word' id='word_1_341' title='bbox 1654 3218 1925 3302; x_wconf 81' lang='lat' dir='ltr'>dixeris,</span> <span class='ocrx_word' id='word_1_342' title='bbox 1967 3215 2146 3319; x_wconf 85' lang='lat' dir='ltr'>posse</span> <span class='ocrx_word' id='word_1_343' title='bbox 2173 3217 2513 3291; x_wconf 89' lang='lat' dir='ltr'>hominem</span> <span class='ocrx_word' id='word_1_344' title='bbox 2548 3241 2819 3320; x_wconf 88' lang='lat' dir='ltr'>pergere</span> 
     </span>
     <span class='ocr_line' id='line_1_33' title="bbox 410 3313 2825 3419; baseline -0.002 -27"><span class='ocrx_word' id='word_1_345' title='bbox 410 3314 635 3392; x_wconf 86' lang='lat' dir='ltr'>eundo</span> <span class='ocrx_word' id='word_1_346' title='bbox 672 3321 845 3391; x_wconf 86' lang='lat' dir='ltr'>viam</span> <span class='ocrx_word' id='word_1_347' title='bbox 864 3370 886 3403; x_wconf 91' lang='lat'>,</span> <span class='ocrx_word' id='word_1_348' title='bbox 927 3313 1173 3389; x_wconf 87' lang='lat' dir='ltr'>etiamfi</span> <span class='ocrx_word' id='word_1_349' title='bbox 1206 3313 1443 3387; x_wconf 88' lang='lat' dir='ltr'>faciem</span> <span class='ocrx_word' id='word_1_350' title='bbox 1461 3342 1598 3390; x_wconf 89' lang='lat' dir='ltr'>non</span> <span class='ocrx_word' id='word_1_351' title='bbox 1620 3316 1832 3392; x_wconf 86' lang='lat' dir='ltr'>versus</span> <span class='ocrx_word' id='word_1_352' title='bbox 1849 3317 2136 3391; x_wconf 88' lang='lat' dir='ltr'>eundem</span> <span class='ocrx_word' id='word_1_353' title='bbox 2151 3316 2398 3419; x_wconf 87' lang='lat' dir='ltr'>semper</span> <span class='ocrx_word' id='word_1_354' title='bbox 2413 3316 2638 3391; x_wconf 90' lang='lat' dir='ltr'>locum</span> <span class='ocrx_word' id='word_1_355' title='bbox 2657 3342 2825 3388; x_wconf 87' lang='lat' dir='ltr'>con·</span> 
     </span>
     <span class='ocr_line' id='line_1_34' title="bbox 406 3439 2076 3495; baseline -0.003 0"><span class='ocrx_word' id='word_1_356' title='bbox 406 3440 641 3495; x_wconf 82' lang='lat' dir='ltr'>vertat.</span> <span class='ocrx_word' id='word_1_357' title='bbox 1176 3444 1179 3445; x_wconf 46' lang='lat'><em>⁷</em></span> <span class='ocrx_word' id='word_1_358' title='bbox 1880 3439 1883 3442; x_wconf 78' lang='grc'><strong><em>’</em></strong></span> <span class='ocrx_word' id='word_1_359' title='bbox 2070 3468 2076 3474; x_wconf 91' lang='grc'><strong>-</strong></span> 
     </span>
    </p>

    <p class='ocr_par' dir='ltr' id='par_1_12' title="bbox 407 3509 2928 3916">
     <span class='ocr_line' id='line_1_35' title="bbox 509 3509 2822 3617; baseline -0.003 -26"><span class='ocrx_word' id='word_1_360' title='bbox 509 3541 572 3612; x_wconf 82' lang='lat'>5.</span> <span class='ocrx_word' id='word_1_361' title='bbox 624 3520 841 3590; x_wconf 86' lang='lat' dir='ltr'>Prima</span> <span class='ocrx_word' id='word_1_362' title='bbox 858 3514 1076 3617; x_wconf 84' lang='lat' dir='ltr'>regula</span> <span class='ocrx_word' id='word_1_363' title='bbox 1094 3513 1356 3610; x_wconf 82' lang='lat' dir='ltr'>Phyfica</span> <span class='ocrx_word' id='word_1_364' title='bbox 1372 3544 1493 3591; x_wconf 86' lang='lat' dir='ltr'>nos</span> <span class='ocrx_word' id='word_1_365' title='bbox 1513 3517 1748 3592; x_wconf 84' lang='lat' dir='ltr'>docuit</span> <span class='ocrx_word' id='word_1_366' title='bbox 1761 3573 1783 3602; x_wconf 89' lang='lat'>,</span> <span class='ocrx_word' id='word_1_367' title='bbox 1808 3515 1995 3617; x_wconf 89' lang='lat' dir='ltr'>quod</span> <span class='ocrx_word' id='word_1_368' title='bbox 2016 3541 2416 3617; x_wconf 67' lang='lat' dir='ltr'>unaquaeque</span> <span class='ocrx_word' id='word_1_369' title='bbox 2431 3541 2530 3590; x_wconf 90' lang='lat' dir='ltr'>res</span> <span class='ocrx_word' id='word_1_370' title='bbox 2547 3572 2564 3598; x_wconf 92' lang='lat'>‚</span> <span class='ocrx_word' id='word_1_371' title='bbox 2591 3513 2717 3587; x_wconf 67' lang='lat' dir='ltr'>late</span> <span class='ocrx_word' id='word_1_372' title='bbox 2734 3509 2822 3585; x_wconf 89' lang='lat' dir='ltr'>fic</span> 
     </span>
     <span class='ocr_line' id='line_1_36' title="bbox 408 3612 2826 3716; baseline -0.002 -26"><span class='ocrx_word' id='word_1_373' title='bbox 408 3616 623 3702; x_wconf 61' lang='lat' dir='ltr'>dieta,</span> <span class='ocrx_word' id='word_1_374' title='bbox 660 3614 787 3689; x_wconf 80' lang='lat' dir='ltr'>five</span> <span class='ocrx_word' id='word_1_375' title='bbox 829 3613 1169 3688; x_wconf 86' lang='lat' dir='ltr'>substantia</span> <span class='ocrx_word' id='word_1_376' title='bbox 1207 3615 1333 3689; x_wconf 78' lang='lat' dir='ltr'>five</span> <span class='ocrx_word' id='word_1_377' title='bbox 1373 3618 1617 3690; x_wconf 88' lang='lat' dir='ltr'>modus</span> <span class='ocrx_word' id='word_1_378' title='bbox 1650 3616 1891 3695; x_wconf 79' lang='lat' dir='ltr'>fuerit,</span> <span class='ocrx_word' id='word_1_379' title='bbox 1929 3618 2148 3690; x_wconf 77' lang='lat' dir='ltr'>uti&#39;est</span> <span class='ocrx_word' id='word_1_380' title='bbox 2175 3643 2433 3701; x_wconf 74' lang='lat' dir='ltr'>motuS,</span> <span class='ocrx_word' id='word_1_381' title='bbox 2467 3612 2826 3716; x_wconf 81' lang='lat' dir='ltr'>perseveret</span> 
     </span>
     <span class='ocr_line' id='line_1_37' title="bbox 407 3710 2928 3820; baseline -0.002 -31"><span class='ocrx_word' id='word_1_382' title='bbox 407 3716 729 3820; x_wconf 75' lang='lat' dir='ltr'>perpetuo</span> <span class='ocrx_word' id='word_1_383' title='bbox 754 3714 897 3789; x_wconf 82' lang='lat' dir='ltr'>talis</span> <span class='ocrx_word' id='word_1_384' title='bbox 916 3710 1399 3815; x_wconf 62' lang='lat' dir='ltr'>effe‘qualissest</span> <span class='ocrx_word' id='word_1_385' title='bbox 1436 3716 1808 3818; x_wconf 75' lang='lat' dir='ltr'>[impliciter</span> <span class='ocrx_word' id='word_1_386' title='bbox 1841 3723 2000 3791; x_wconf 88' lang='lat' dir='ltr'>&amp;in</span> <span class='ocrx_word' id='word_1_387' title='bbox 2022 3714 2082 3789; x_wconf 88' lang='lat' dir='ltr'>se</span> <span class='ocrx_word' id='word_1_388' title='bbox 2100 3714 2381 3819; x_wconf 63' lang='lat' dir='ltr'>spectata</span> <span class='ocrx_word' id='word_1_389' title='bbox 2400 3763 2425 3796; x_wconf 85' lang='lat'>‚</span> <span class='ocrx_word' id='word_1_390' title='bbox 2468 3741 2605 3788; x_wconf 90' lang='lat' dir='ltr'>non</span> <span class='ocrx_word' id='word_1_391' title='bbox 2620 3712 2826 3813; x_wconf 82' lang='lat' dir='ltr'>qualis</span> <span class='ocrx_word' id='word_1_392' title='bbox 2925 3764 2928 3767; x_wconf 95' lang='lat'>-</span> 
     </span>
     <span class='ocr_line' id='line_1_38' title="bbox 408 3813 2832 3916; baseline -0.003 -27"><span class='ocrx_word' id='word_1_393' title='bbox 408 3818 498 3889; x_wconf 89' lang='lat' dir='ltr'>est</span> <span class='ocrx_word' id='word_1_394' title='bbox 510 3826 723 3891; x_wconf 83' lang='lat' dir='ltr'>re&#39;rum</span> <span class='ocrx_word' id='word_1_395' title='bbox 740 3820 980 3890; x_wconf 79' lang='lat' dir='ltr'>intuitu</span> <span class='ocrx_word' id='word_1_396' title='bbox 996 3817 1267 3888; x_wconf 86' lang='lat' dir='ltr'>aliarum</span> <span class='ocrx_word' id='word_1_397' title='bbox 1280 3863 1304 3898; x_wconf 87' lang='lat'><strong>‚</strong></span> <span class='ocrx_word' id='word_1_398' title='bbox 1340 3814 1559 3889; x_wconf 88' lang='lat' dir='ltr'>donec</span> <span class='ocrx_word' id='word_1_399' title='bbox 1575 3815 1843 3890; x_wconf 86' lang='lat' dir='ltr'>occursu</span> <span class='ocrx_word' id='word_1_400' title='bbox 1865 3815 2126 3893; x_wconf 88' lang='lat' dir='ltr'>alterius</span> <span class='ocrx_word' id='word_1_401' title='bbox 2145 3817 2420 3916; x_wconf 83' lang='lat' dir='ltr'>alicujus</span> <span class='ocrx_word' id='word_1_402' title='bbox 2437 3839 2685 3887; x_wconf 86' lang='lat' dir='ltr'>mutare</span> <span class='ocrx_word' id='word_1_403' title='bbox 2705 3813 2832 3882; x_wconf 81' lang='lat' dir='ltr'>sta-</span> 
     </span>
    </p>
   </div>
   <div class='ocr_carea' id='block_1_9' title="bbox 394 3909 2829 4093">
    <p class='ocr_par' dir='ltr' id='par_1_13' title="bbox 394 3909 2829 4093">
     <span class='ocr_line' id='line_1_39' title="bbox 394 3909 2829 4093; baseline -0.026 -55"><span class='ocrx_word' id='word_1_404' title='bbox 394 3939 545 4053; x_wconf 12' lang='lat' dir='ltr'>Amm</span> <span class='ocrx_word' id='word_1_405' title='bbox 576 3916 756 3992; x_wconf 66' lang='lat' dir='ltr'>sum</span> <span class='ocrx_word' id='word_1_406' title='bbox 788 3941 1085 4022; x_wconf 62' lang='lat' dir='ltr'>‘⁰3²m‘·</span> <span class='ocrx_word' id='word_1_407' title='bbox 1139 3922 1407 4021; x_wconf 67' lang='lat' dir='ltr'>Corpus</span> <span class='ocrx_word' id='word_1_408' title='bbox 1425 3924 1643 4020; x_wconf 84' lang='lat' dir='ltr'>itaque</span> <span class='ocrx_word' id='word_1_409' title='bbox 1665 3917 2185 4093; x_wconf 58' lang='grc' dir='ltr'>ἀυπέιξὸζεωτ,</span> <span class='ocrx_word' id='word_1_410' title='bbox 2221 3915 2270 3992; x_wconf 84' lang='lat' dir='ltr'>fi</span> <span class='ocrx_word' id='word_1_411' title='bbox 2287 3913 2564 3992; x_wconf 81' lang='lat' dir='ltr'>obvium</span> <span class='ocrx_word' id='word_1_412' title='bbox 2585 3909 2829 4073; x_wconf 47' lang='lat' dir='ltr'>hzllvizag</span> 
     </span>
    </p>
   </div>
  </div>
 </body>
</html>
