3391 4418
576 180 742 297 380
1044 166 1739 252 Conponts
1814 153 2509 239 ετΑΝῐΜε

577 313 806 369 mnem
846 285 1206 384 accipiunt.
1252 276 1467 371 Atqui
1501 272 1719 340 anima
1748 272 2046 367 corporis
2068 261 2318 339 affumti
2338 263 2443 338 vel
2460 265 2688 367 potius
2707 263 3012 369 hyposta-

579 398 708 471 tice
732 386 1068 484 conjunffl
1088 401 1310 451 motus
1331 366 1803 447 tantummodo
1825 368 2052 472 dirigit
2073 421 2094 454 ‚
2109 392 2181 440 ut
2196 365 2398 469 paulo
2418 367 2571 441 ante
2591 367 2962 443 docuimus.

677 524 750 587 4.
806 487 911 561 Est
948 508 1114 586 ergo
1143 504 1382 578 corpus
1410 474 1909 547 instrumentum
1946 477 2179 543 animae
2211 472 2503 557 adivam,
2538 472 2639 542 uti
2672 494 2883 568 equus
2912 496 3020 543 re-

579 591 806 698 speclu
824 576 1095 687 equitis,
1133 584 1311 652 navis
1332 600 1530 650 vento
1552 571 1823 674 impulsa
1841 568 2135 674 respectu
2160 567 2446 642 naucleri
2463 615 2488 651 ‚
2522 569 2782 672 legatus
2805 566 3018 672 respe-

583 696 702 770 &u
721 693 1021 793 legantis.
1072 685 1339 782 Corpus
1356 684 1535 751 enim
1553 676 1842 749 nostrum
1860 699 1979 775 per
2000 668 2062 744 se
2079 672 2171 743 cst
2188 667 2425 774 agendi
2448 678 2521 744 δε
2539 669 2865 747 movendi
2887 678 3021 748 vir.

589 818 733 871 tute
806 787 1131 864 raeditum.
2322 790 2329 793 “

698 918 731 986 5
746 821 804 966 ,P
816 879 1415 989 Qemadtnodum
1446 878 1610 957 vero
1633 901 1841 977 equus
1861 873 2194 948 interdum
2210 898 2521 950 movetur
2534 873 2737 947 invito
2750 878 2982 973 equite
3000 920 3026 964 ,

593 1017 795 1094 atque
829 995 919 1062 ita
950 983 1467 1086 independenter
1500 980 1540 1053 d
1574 977 1753 1052 causa
1789 975 2131 1079 principali
2164 1001 2363 1079 agens
2393 974 2792 1048 instrumenti
2812 979 3028 1047 ratio-

595 1119 753 1168 nem
768 1088 1013 1187 habere
1031 1083 1299 1158 definit:
1336 1090 1428 1157 ita
1460 1090 1531 1155 &
1555 1108 1672 1153 cor
1721 1105 1795 1151 us
1815 1079 2105 1151 nostrum
2135 1076 2292 1179 fiepe
2318 1097 2625 1150 movetur
2638 1079 2863 1150 animo
2881 1099 3030 1150 non

598 1191 872 1297 jubente
891 1189 997 1264 vel
1012 1191 1208 1259 etiam
1231 1108 1875 1270 reluctanteffzeot.
1891 1182 2047 1254 viv.
2062 1186 2233 1274 485.
2246 1174 2393 1277 sqq.
2410 1175 2740 1278 727.sqq.
2765 1201 2910 1274 quo
2925 1181 3031 1249 in-

603 1300 776 1369 tuitu
813 1296 1043 1365 anima:
1070 1288 1568 1360 instrumentum
1598 1308 1738 1355 non
1766 1282 1858 1351 est
1889 1309 1907 1353 ε
1952 1278 2137 1352 ficuti
2166 1277 2418 1379 legatus
2448 1274 2681 1380 legati·
2733 1274 3028 1350 ersonam

605 1392 910 1470 sustinere
928 1385 1146 1475 cellit,
1163 1392 1422 1488 quoties
1440 1380 1690 1485 aliquid
1711 1385 1842 1483 agit
1860 1378 2048 1481 quod
2064 1378 2102 1453 ἃ
2120 1379 2475 1480 Superiote
2492 1401 2650 1473 man
2739 1399 2876 1452 tum
2892 1402 3034 1452 non

605 1492 734 1569 fuit
754 1493 861 1568 vel
886 1496 1089 1564 etiam
1110 1486 1551 1591 prohibitum.

709 1606 757 1668 6
762 1649 780 1669 .
829 1598 935 1667 Ac
972 1588 1153 1664 ficuti
1184 1614 1325 1662 non
1346 1586 1652 1661 tribuitur
1671 1583 1951 1686 principi
1973 1577 2073 1655 vel
2093 1573 2473 1679 reipublicae
2490 1574 2823 1681 ableganti
2840 1573 3033 1678 quod

609 1702 861 1801 legatus
893 1715 1123 1796 praeter
1160 1713 1273 1763 aut
1299 1713 1535 1763 contra
1572 1696 1712 1784 ejus
1751 1680 2135 1757 mandatum
2170 1682 2343 1779 agit3
2376 1686 2452 1752 δε
2479 1685 2593 1778 qui
2623 1677 3039 1779 petulantem

610 1812 860 1901 equum
876 1851 896 1879 ,
939 1794 1094 1866 cum
1122 1794 1358 1863 vitium
1388 1798 1529 1889 ejus
1548 1792 1903 1889 ignoraret,
1925 1776 2240 1855 cohibere
2257 1803 2397 1852 non
2419 1783 2645 1880 potuit
2663 1781 2807 1878 quo
2828 1778 3041 1854 minsis

612 1922 893 2005 puerum
910 1897 1314 1993 opprimeret
1329 1942 1351 1976 ,
1366 1913 1443 1962 ut
1460 1913 1646 1964 verus
1660 1882 2000 1957 homicida
2015 1906 2153 1954 non
2171 1883 2516 1953 trafflturt
2554 1885 2647 1951 ita
2665 1884 3041 1953 nec-animo
3172 1880 3177 1883 “

613 1993 1040 2073 tribuendum
1059 1988 1247 2089 quod
1266 2015 1350 2061 co
1431 2014 1508 2062 us
1529 1983 1668 2090 ipio
1684 1982 1956 2059 nolente
1971 1986 2101 2087 agit
2116 2030 2141 2068 ,
2173 1976 2291 2053 nifi
2314 1998 2635 2081 quatenus
2656 1977 2823 2053 illud
2846 2001 3047 2054 antea

613 2099 771 2189 cum
788 2088 1001 2195 poffet
1025 2114 1164 2160 non
1183 2095 1356 2190 impe
1415 2093 1545 2160 'vir.

720 2224 794 2297 7.
842 2195 1022 2265 Hinc
1041 2184 1445 2262 descendunt
1471 2191 1662 2261 variae
1690 2185 1868 2289 leges
1890 2181 1975 2258 de
1996 2178 2367 2259 excusandis
2386 2200 2496 2255 aut
2514 2173 2737 2252 mitius
2753 2178 3049 2278 punien-

526 2360 558 2400 ,
618 2295 724 2370 dis
764 2313 1008 2396 (prout
1028 2313 1268 2391 corpus
1288 2295 1358 2361 in
1379 2287 1640 2391 agendo
1660 2294 1867 2392 magis
1886 2284 2173 2361 minusve
2196 2285 2235 2360 εὶ
2252 2288 2522 2357 rationis
2548 2285 2832 2382 imperio
2851 2273 3050 2354 abso-

618 2398 887 2494 lutum)
925 2387 1305 2470 hominibus
1339 2398 1457 2490 qui
1482 2389 1913 2492 delinquunt,
1949 2384 2315 2489 cujusmodi
2349 2380 2498 2459 sunt
2513 2378 2832 2465 infantes,
2857 2384 3002 2455 irati
3020 2433 3049 2471 ,

574 2582 579 2590 ,
620 2492 886 2581 furiosi,
919 2490 1083 2564 ebrii
1105 2545 1126 2578 ‚
1161 2489 1568 2564 dormientes
1599 2489 2106 2578 &somniantes
2906 2533 2909 2534 ν

724 2601 796 2674 8.
849 2592 1033 2667 Ctun
1059 2618 1218 2695 ergo
1237 2618 1476 2696 corpus
1496 2589 1786 2668 hominis
1800 2635 1822 2672 ‚
1846 2589 2001 2665 licet
2011 2592 2364 2693 taujandam
2385 2583 2542 2658 alitis
2566 2589 2798 2658 animae
2816 2582 3049 2656 instru-

623 2720 924 2772 mentum
951 2692 1028 2768 fit
1042 2747 1063 2780 ‚
1090 2697 1405 2792 separatim
1441 2718 1663 2767 tamen
1701 2690 2107 2792 quandoque
2151 2712 2298 2791 agat
2313 2738 2338 2769 ,
2375 2684 2563 2760 facile
2589 2681 3001 2789 agnoscimus
3023 2730 3052 2766 ,

622 2821 866 2966 cotipus
887 2791 1214 2892 ejusmodi
1248 2793 1525 2868 animale
1543 2847 1568 2883 ‚
1600 2795 1795 2893 quale
1815 2795 1906 2866 est
1924 2791 2269 2866 bestiarum
2285 2821 2314 2878 ,·
2349 2784 2593 2886 absque
2614 2788 2843 2858 animo
2858 2779 3049 2885 poffi=

563 2997 566 2998 ⁷
624 2900 723 2973 exi
778 2920 886 2966 ere
902 2946 924 2979 ,
959 2892 1531 2991 quemadmodum
1550 2920 1757 2995 equus
1774 2889 2012 2994 absque
2030 2897 2250 2990 equite
2270 2893 2426 2965 vivit
2448 2914 2525 2962 ac
2544 2909 2870 2960 movetur.

724 3020 794 3085 9.
846 2992 956 3066 Ad
974 2995 1404 3094 posteriorem
1425 2995 1849 3093 quaestionem
1872 2990 2330 3096 respondetur:
2356 3014 2429 3064 ut
2446 2991 2756 3062 Hominis
2769 2984 3056 3057 nomine

627 3091 838 3169 solum
862 3099 1152 3174 animum
1173 3093 1609 3197 intelligamus
1627 3139 1652 3173 ‚
1687 3100 1801 3195 qui
1826 3120 2108 3198 corpore
2128 3115 2343 3168 utatur
2359 3112 2435 3166 ut
2454 3111 2644 3163 mero
2664 3086 3054 3160 instrumen-

628 3215 705 3266 to
719 3238 743 3273 ‚
762 3193 1252 3365 quodfroinde
1273 3221 1411 3268 non
1430 3194 1508 3269 fit
1520 3221 1669 3298 pars
1690 3200 2006 3273 Hominis
2024 3194 2247 3278 altera,
2264 3192 2338 3267 id
2361 3195 2705 3267 communi
2730 3183 3053 3289 loquendi

628 3317 760 3368 con
787 3312 942 3363 uetu
992 3297 1083 3363 ini
1105 3346 1129 3381 ‚
1165 3321 1296 3395 qua
1320 3294 1596 3372 dicimus
1612 3295 1956 3374 hominem
1974 3301 2303 3400 generari,
2340 3299 2552 3380 mori,
2574 3287 2835 3378 occidi,
2853 3311 3051 3390 quam

630 3402 706 3472 δε
732 3398 940 3494 Saetae
973 3396 1203 3509 Litcrae
1220 3393 1572 3498 sequuntur
1589 3454 1612 3489 ,
1642 3399 1866 3473 multis
1890 3399 2111 3473 modis
2137 3393 2455 3470 adversari
2477 3448 2499 3481 ,
2529 3416 2747 3493 neque
2762 3416 2919 3465 cum
2935 3393 3052 3472 iis,

627 3520 779 3668 quae
806 3492 892 3570 de
916 3500 1393 3590 conjunctione
1411 3496 1535 3573 hac
1559 3524 1695 3577 tam
1717 3505 1893 3576 arcta
1918 3510 1986 3576 δε
2006 3495 2380 3573 admirabili
2412 3492 2697 3569 diximus
2718 3518 2797 3569 ae
2818 3489 3058 3566 dicturi

658 3620 845 3672 umus
860 3652 885 3687 ,
908 3592 1296 3673 conlc'ntire.
2333 3631 2338 3636 ·

743 3723 771 3767 ι
784 3724 855 3769 ο.
902 3700 1011 3773 An
1029 3701 1189 3773 vero
1210 3724 1416 3774 unum
1442 3696 1754 3802 idemque
1776 3698 2024 3775 diversa
2038 3701 2292 3773 ratione
2316 3702 2580 3776 alterius
2593 3704 2663 3774 δε
2689 3720 2840 3798 pars
2860 3701 2934 3770 δε
2955 3694 3067 3764 in·-

634 3793 1064 3913 strumentum
1098 3799 1221 3876 effi:
1261 3798 1464 3904 poffir
1489 3853 1512 3884 ‚
1549 3808 1645 3876 uti
1689 3807 1967 3905 Legatus
2001 3798 2450 3903 Reipublicae,
2484 3804 2734 3903 Logica
2758 3789 3067 3873 Philoso-

629 3891 804 4000 phiae
831 3890 1185 3974 seeundum
1201 3900 1455 4073 aliquos
1473 3958 1498 3993 ,
1530 3901 1602 3976 id
1618 3902 1780 3977 nihil
1795 3910 2030 3978 attinet
2050 3901 2190 3977 hoc
2208 3903 2368 3983 loco
2388 3898 2738 4007 disputare.
3070 3913 3077 3918 ’

739 4020 770 4072 x
788 4018 850 4077 t·
894 3998 1255 4100 Proprium
1348 4014 1490 4111 ujus
1535 4008 2033 4091 coniunctionis
2070 4012 2387 4113 quintum
2417 4010 2460 4089 ὲ
2486 4003 2685 4104 diffls
2712 4023 2801 4075 co
2857 3999 2871 4016 '
2908 4094 2931 4168 l
2959 4011 3085 4169 tgr*

639 4127 642 4134 ·
1391 4151 1424 4170 ..
1481 4191 1490 4199 ὁ
1639 4136 1646 4152 ·
2365 4109 2379 4120 “
2415 4103 2421 4110 ’
2858 4102 2878 4199 Γ
2932 4119 2976 4169 ιι
3052 4142 3083 4182 ,

1367 4233 1376 4240 e
