3391 4418
529 162 728 249 r324.
864 133 2252 228 .:·-‚·.T1·1,Eo·1tta-
2499 207 2508 214 „

658 249 824 349 ‘599-
878 251 1256 320 Occurrunt
1276 242 1519 317 deinde
1537 241 1641 317 illa
1659 295 1681 328 ,
1712 268 1856 341 quae
1868 238 2235 316 formantur
2249 267 2369 343 pet
2390 249 2813 345 negationem
2831 280 2991 330 cor.

558 354 739 455 poris
766 356 837 420 δε
858 353 1141 420 materiae
1156 395 1175 424 ,
1208 348 1587 438 incorporeum
1602 396 1627 431 ,
1662 345 2042 416 immateriale
2059 396 2081 430 ,
2111 370 2259 444 quae
2275 350 2472 416 etiam
2493 397 2516 431 ,
2552 348 2718 444 quid
2741 378 2882 426 non
2901 356 2983 432 fit

561 455 877 528 Animus,
931 442 1402 534 tantummodo
1425 442 1782 515 declarant.

663 562 829 622 600.
884 549 1128 619 Tertio
1163 545 1321 615 loco
1345 542 1486 614 sunt
1513 548 1625 643 qui
1649 544 1887 636 spiritus
1908 551 1979 615 &
2000 544 2400 641 reispirituatie
2420 553 2694 621 nomine
2721 556 2981 631 Mentis

566 670 867 726 naturam
882 638 1202 744 ,explicate
1220 652 1562 717 conantur.
2655 711 2660 716 .
2719 712 2726 720 .

602 783 613 789 ·
662 762 752 821 60
772 774 830 817 r.
880 750 1086 843 Atqui
1111 741 1272 816 illud
1305 746 1504 815 etiam
1546 766 1797 814 nomen
1818 763 2174 812 commune
2193 745 2390 818 rebus
2405 743 2528 818 effi.-
2546 775 2631 821 co
2715 761 2889 828 oreis
2912 768 2979 844 §-

560 844 890 945 467.sqq.
930 842 1254 918 vidimus:
1285 868 1409 915 nec
1442 841 1570 915 alio
1600 839 1670 912 id
1694 867 1818 914 nos
1849 839 2085 912 ducere
2104 835 2306 933 solet,
2337 848 2537 944 quim
2554 776 2880 927 utffibtffis
2897 842 2978 928 ae

564 948 773 1036 tenuis
826 948 1112 1017 mareriae
1152 948 1541 1044 participem
1574 946 1891 1014 Animum
1926 945 2375 1041 concipiamus
2390 999 2414 1035 ,
2452 947 2607 1020 cum
2644 973 2865 1025 tamen
2897 982 2980 1027 ο..

562 1051 733 1117 mnis
753 1047 1041 1117 matetiae
1063 1066 1395 1146 expertem
1407 1038 1749 1114 fateamur.
2457 1114 2467 1120 ,

667 1161 826 1219 602.
880 1150 1145 1243 Qrto
1182 1142 1338 1215 loco
1371 1141 1513 1215 sunt
1548 1148 1664 1240 qui
1684 1139 1941 1235 formam
1960 1140 2065 1214 vel
2082 1149 2277 1218 adum
2291 1153 2522 1244 corporis
2541 1154 2832 1243 organici,
2868 1180 2977 1231 aut

553 1246 891 1341 principium
910 1268 1017 1335 quo
1036 1247 1277 1318 vivimm
1294 1298 1316 1330 ,
1350 1246 1668 1318 Animum
1683 1241 2023 1316 definiunt.

663 1356 832 1435 603.
886 1351 1060 1446 Qae
1094 1341 1404 1419 attributa
1433 1348 1625 1415 nimis
1656 1341 2021 1443 generalia,
2051 1349 2300 1445 Logica
2331 1353 2402 1417 δε
2437 1347 2788 1450 respefflva
2802 1352 2985 1445 sunt,

568 1468 707 1517 non
726 1441 1018 1546 specialia
1034 1499 1057 1532 ,
1080 1441 1343 1540 Physica
1360 1452 1433 1517 δε
1451 1439 1770 1521 absoluta,
1793 1440 2162 1537 cujusmodi
2178 1451 2247 1515 in
2268 1443 2600 1545 praesentia
2615 1460 2975 1552 queamus.

669 1556 833 1640 604.
881 1541 1074 1616 Adde
1095 1543 1282 1643 quod
1309 1545 1408 1614 isti
1429 1541 1746 1615 inhaerens
1762 1542 2135 1616 definitioni
2154 1546 2221 1614 in
2236 1542 2594 1624 eumfacile
2614 1552 2854 1628 labitur
2876 1583 2981 1629 et-

560 1667 784 1716 rorem
801 1697 823 1729 ,
858 1667 930 1716 ut
946 1645 1162 1744 plures
1176 1640 1445 1717 effectus
1458 1666 1649 1742 putet
1670 1640 1755 1714 ab
1778 1646 2024 1716 Animo
2040 1644 2329 1744 pendere
2345 1691 2368 1729 ‚
2405 1674 2549 1746 quae
2564 1652 2604 1726 ὲ
2621 1652 2823 1731 caufis
2840 1682 2981 1730 tan-

563 1741 711 1817 tum
728 1748 1066 1844 corporcis
1084 1750 1384 1816 oriuntur
1402 1795 1423 1826 ,
1451 1744 1513 1818 §-
1529 1748 1697 1837 485.
1718 1739 1861 1841 sqq.
2753 1809 2762 1822 .
2819 1821 2830 1836 ,
2959 1809 2972 1824 ,

581 1851 589 1860 ’
630 1877 633 1880 ’
663 1855 835 1941 6ος.
888 1849 1195 1941 Denique
1218 1840 1263 1912 fi
1286 1838 1450 1911 nihil
1472 1839 1646 1913 aliud
1665 1841 1758 1912 est
1776 1847 2016 1916 Anima
2038 1898 2060 1930 ,
2078 1844 2275 1943 quam
2290 1842 2510 1922 forma
2526 1853 2981 1950 autastusgseu

564 1950 864 2043 operatio
879 1941 987 2016 vel
996 1941 1219 2040 potius
1243 1943 1513 2039 agitatio
1526 1947 1823 2040 corporis
1837 1948 2107 2018 viventis
2120 1954 2440 2047 organici,
2458 1955 2814 2050 quomodo
2823 1983 2982 2055 per·-

560 2059 757 2114 cunte
780 2065 1064 2139 corpore
1088 2036 1222 2139 ipsa
1240 2064 1380 2111 non
1400 2044 1677 2113 intereat
1692 2046 1838 2140 quis
1856 2068 1931 2115 ex
1978 2044 2129 2117 licet
2147 2053 2183 2117 ἓ
2203 2116 2210 2119 Α
2561 2115 2568 2120 .
2628 2092 2631 2096 .
2963 2115 2968 2122 .

655 2147 821 2213 606.
871 2146 1134 2241 Qinto
1154 2142 1353 2241 igitur
1376 2139 1534 2213 loco
1552 2147 1882 2243 optimum
1928 2149 2077 2219 ac‘tu
2095 2142 2422 2233 videatur,
2451 2143 2496 2218 fi
2515 2144 2764 2224 Mensa
2782 2148 2983 2228 senst÷

559 2235 687 2312 bus
722 2266 798 2313 ac
821 2238 1013 2313 rebus
1034 2247 1369 2341 corporeis
1384 2241 1979 2343 communibusque
1996 2245 2342 2322 vocabulis
2356 2248 2817 2354 aliquantisper
2832 2253 2980 2343 abs-

563 2345 770 2414 tracta
783 2338 1177 2442 semetipsam
1196 2339 1330 2413 sola
1352 2348 1716 2425 intueatur,
2503 2416 2508 2421 .
2585 2390 2590 2397 ·
2733 2420 2742 2423 -
2830 2418 2839 2426 .

657 2453 826 2532 607.
880 2447 1059 2514 Intus
1085 2467 1305 2514 revera
1327 2444 1730 2545 experiendo
1753 2443 1812 2519 sc
1832 2445 2224 2547 intelligere,
2264 2447 2428 2523 velle
2448 2446 2814 2538 ,dubitare
2831 2507 2854 2544 ‚
2892 2485 2979 2531 oa

556 2566 742 2642 ptare
758 2587 779 2623 ‚
812 2540 1133 2618 affirmare
1152 2596 1176 2630 ,
1209 2570 1444 2644 negare
1466 2597 1490 2630 ,
1517 2550 1808 2647 cogitare
1823 2600 1847 2635 ,
1879 2573 2222 2624 numerare
2239 2601 2263 2633 ,
2288 2556 2696 2642 ratiocinari,
2718 2583 2934 2631 amare
2949 2612 2975 2647 ,

560 2640 763 2717 odisse
783 2700 803 2730 ,
831 2653 967 2718 &c.
986 2671 1273 2743 quorum
1299 2652 1598 2718 omnium
1617 2652 1885 2720 actuum
1903 2647 2023 2720 fibi
2038 2649 2266 2721 intime
2289 2648 2547 2724 conscia
2561 2656 2674 2726 est.
2967 2723 2974 2727 .

545 2798 557 2817 .,
661 2747 834 2817 608.
882 2747 969 2817 Et
997 2747 1312 2843 quoniam
1328 2751 1567 2819 cuncta
1585 2746 1697 2818 illa
1712 2745 1894 2823 brevi
1913 2748 2297 2822 definitione
2312 2757 2584 2852 exprimi
2599 2781 2939 2857 nequeunt
2952 2814 2978 2847 ,

557 2840 900 2940 quodnam
919 2869 1003 2915 ex
1020 2849 1101 2916 iis
1117 2851 1401 2944 primum
1425 2854 1492 2918 ὅτ
1510 2845 1921 2945 potissimum
1942 2846 2054 2935 fit,
2093 2851 2630 2951 investigandum.
2715 2920 2724 2930 .

657 2950 825 3029 609.
875 2939 951 3012 Id
975 2965 1190 3012 autem
1209 2946 1604 3033 cogitationem
1624 2945 1745 3035 effe
1768 2937 2343 3047 deprehendimus.
2505 3022 2512 3029 .

654 3050 704 3112 6
720 3065 835 3119 ιο..
877 3045 1074 3112 Mens
1112 3046 1285 3110 enim
1322 3037 1369 3119 si
1405 3041 1711 3143 intelligit
1726 3054 2016 3148 cogitat,
2037 3048 2085 3121 fi
2108 3050 2244 3124 vult
2265 3058 2570 3154 cogitat,
2612 3051 2813 3131 finon
2834 3054 2978 3131 vult

559 3142 809 3235 cogitat
836 3194 854 3220 ,
892 3138 937 3209 fi
959 3138 1312 3210 admiratur
1329 3145 1576 3240 cogitat
1593 3187 1616 3222 ,
1655 3141 1701 3213 fi
1721 3155 2145 3221 ratiocinatur
2163 3156 2447 3251 cogitat,
2476 3146 2981 3230 finuiueratco-

557 3242 723 3339 gitat
751 3280 772 3314 ‚
812 3234 857 3304 fi
881 3233 1162 3309 affirmat
1183 3263 1265 3311 co
1314 3245 1427 3312 itat
1450 3294 1472 3325 ,
1509 3240 1555 3313 fi
1582 3267 1773 3345 negat
1797 3253 2082 3348 cogitat,
2127 3250 2425 3344 judicans
2444 3262 2740 3356 cogitat,
2779 3256 2981 3331 dubi-
3093 3292 3100 3299 ·

557 3360 702 3411 tans
740 3341 1021 3435 cogitat,
1062 3341 1236 3412 recte
1283 3342 1534 3413 entiens
1547 3351 1799 3444 cogitat
1819 3396 1840 3429 ,
1873 3373 2087 3421 errans
2102 3355 2386 3449 cogitat,
2408 3361 2554 3439 ‚&c.
2576 3380 2777 3456 atque
2797 3358 2887 3431 ita
2905 3352 2978 3430 iu

556 3434 852 3538 qualibet
868 3444 1005 3535 ejus
1026 3430 1364 3509 functione
1385 3445 1708 3542 cogitatio
1729 3448 1914 3519 inest.
2121 3490 2128 3495 ·
2357 3499 2361 3501 Δ
2387 3498 2396 3501 -

611 3544 705 3610 -61
722 3565 749 3610 1
764 3590 781 3610 .
806 3545 894 3610 At
915 3563 1051 3608 non
1072 3538 1109 3611 ὲ
1126 3544 1456 3612 contrario
1472 3540 1518 3612 ii
1533 3552 1782 3644 cogitat
1797 3552 1994 3619 etiam
2014 3544 2365 3636 affirmanti
2380 3556 2842 3651 cogitaretiam
2858 3557 2985 3631 du·-

553 3633 797 3713 bitat‚fi
813 3641 1063 3737 cogitat
1078 3645 1275 3712 etiam
1293 3652 1815 3728 numerat,etiam
1834 3646 2210 3735 admiratur,
2226 3658 2361 3737 δςε.
2381 3650 2555 3725 Vide
2572 3660 2810 3758 Log.1..
2829 3687 2855 3732 1
2868 3686 2986 3736 02»

547 3753 598 3805 ,τ’
651 3744 699 3803 6
712 3760 735 3803 r
753 3760 810 3804 2.
867 3739 1237 3812 Definiatur
1252 3741 1453 3840 igitur
1474 3748 1668 3817 Mens
1683 3748 1790 3817 seu
1812 3751 2086 3822 Animus
2100 3799 2119 3830 ,
2150 3750 2345 3849 quod
2366 3748 2443 3824 fit
2459 3761 2831 3850 rescogitmt.
3017 3750 3023 3755 ’

654 3843 700 3909 6
714 3858 739 3904 r
755 3859 812 3929 3.
865 3836 1091 3934 thue
1122 3839 1210 3910 ad
1236 3838 1598 3914 humanam
1617 3849 1922 3945 Mentem
1951 3892 1976 3926 2
2009 3874 2159 3949 ‘quae
2173 3854 2210 3923 a
2225 3849 2445 3927 divina
2466 3876 2664 3951 atque
2682 3855 2986 3956 angelica

554 3929 1011 4041 distinguenda
1055 3940 1146 4012 est
1162 3990 1187 4029 ,
1213 3940 1625 4044 restringatur
1653 3945 1960 4027 definitio
1977 3999 2003 4036 ,
2036 3946 2371 4040 addantur
2385 3952 2511 4033 ..issa
2529 3955 2749 4050 :finita
2772 3963 2994 4065 qorpofi

542 4087 557 4096 .
584 4106 593 4109 -
756 4126 770 4139 Ἰ
806 4126 817 4135 ,ἢ
856 4084 874 4147 3
1290 4078 1301 4087 a
1455 4118 1489 4130 ,,
1547 4105 1553 4125 g
1588 4116 1597 4127 ,
1774 4119 1778 4123 ,
2817 4080 2996 4159 orga-
