3391 4418
787 87 1558 180 CORPORUM
1630 99 2484 197 V1vturruu.
2700 139 2859 229 307

520 225 611 306 33
632 227 699 300 5.
745 201 1015 276 Deinde
1098 199 1285 290 lantis
1316 209 1481 277 rami
1517 205 1791 299 sursum,
1823 212 2019 290 nobis
2052 213 2317 294 brachia
2354 233 2427 299 ὅ(
2449 249 2632 300 crura
2654 223 2862 302 deor--⁴

415 305 554 382 sum
581 303 892 407 speciant.
947 309 1008 376 A
1061 299 1229 405 spice
1262 301 1627 384 arbusculas
1648 317 1716 385 in
1735 312 1988 415 sepibus
2005 321 2270 394 inflexas
2286 330 2359 398 &
2375 326 2410 398 a
2433 323 2553 399 fitu
2570 330 2847 407 naturali

412 408 710 504 detortas
731 452 752 485 ‚
785 402 960 484 unde
981 408 1139 480 novi
1156 411 1320 478 rami
1340 403 1573 482 sursum
1593 414 1938 513 tendentes
1949 419 2291 518 pullulant.

518 535 546 603 5
569 519 679 603 56.
730 512 868 582 Cur
880 526 1096 578 autem
1111 510 1277 577 rami
1302 505 1616 584 arborum
1634 511 1872 589 sursum
1893 516 2215 606 crescant,
2252 546 2435 623 patet
2451 552 2524 600 ex
2544 532 2659 609 iis,
2699 556 2840 630 quae

407 607 492 707 de
512 609 802 682 alimenti
822 613 888 679 in
905 631 1113 707 poros
1133 605 1416 708 impulsu
1432 612 1751 689 &caloris
1769 613 2032 691 afflone
2051 619 2350 699 diximus.
2369 628 2430 698 A
2445 653 2638 704 motu
2652 635 2836 705 enim

402 713 610 815 figura
629 717 698 783 &
719 707 869 780 litus
882 703 1201 808 pendent.
2548 802 2562 812 ·

502 839 532 908 5
555 836 671 905 57.
728 813 910 884 Hinc
943 812 1104 879 tami
1148 804 1450 880 deorsum
1486 811 1703 886 inflexi
1733 831 1760 904 (
1779 812 1894 886 nisi
1910 824 2046 915 jam
2069 825 2136 892 in
2155 820 2270 895 illo
2285 824 2407 899 fitu
2425 833 2622 903 nimis
2640 831 2830 906 obrie

393 915 651 1014 guerint
674 954 697 991 ‚
776 911 910 1002 oris
925 906 1326 1003 aliquantum
1349 914 1735 988 immutatis.
1752 916 1814 1015 §.
1840 942 1869 1009 5
1889 926 2048 1012 29.)
2078 945 2339 996 externa
2357 933 2421 1001 vi
2442 931 2743 1021 cess‘ante,
2764 931 2824 1007 sc

393 1006 600 1088 rursus
615 1016 686 1081 in
700 935 908 1090 altum
928 1013 1210 1106 erigunt.
1239 1005 1362 1078 Ph.
1393 1036 1419 1099 3
1445 1022 1555 1107 36.

499 1137 527 1205 3
550 1118 684 1204 38:
713 1112 899 1208 Qia
916 1121 917 1124 ’
935 1130 1075 1178 non
1107 1104 1320 1179 modo
1342 1105 1563 1180 succus
1579 1110 2019 1189 alimentarias
2042 1171 2064 1204 ,
2099 1121 2332 1195 vetum
2348 1129 2540 1197 etiam
2564 1129 2825 1206 caelestis

395 1215 615 1286 omnis
631 1209 908 1280 materia
928 1259 949 1293 ,
988 1230 1132 1304 quae
1155 1203 1412 1279 succum
1428 1205 1640 1282 defert
1661 1266 1684 1297 ,
1720 1213 1957 1287 sursum
1976 1218 2210 1294 tendit.
2241 1223 2362 1296 Ph.
2394 1253 2422 1298 ι
2445 1251 2469 1294 1
2487 1252 2607 1314 90.

500 1337 527 1401 5
545 1333 658 1403 39.
707 1303 966 1378 Eodem
986 1304 1201 1377 modo
1226 1331 1364 1404 quo
1378 1308 1626 1381 flumen
1647 1363 1668 1396 ‚
1701 1311 1746 1383 fi
1762 1313 1951 1412 quod
1969 1320 2521 1418 impedimentum
2545 1324 2825 1421 objicia-

385 1435 493 1483 tur
515 1461 537 1495 ‚
580 1406 717 1504 quo
736 1406 955 1480 minus
970 1405 1336 1478 commodi:
1351 1403 2046 1510 solitum'persequatur
2058 1418 2307 1508 cursum
2325 1482 2343 1510 ,
2381 1428 2706 1527 impetum
2722 1424 2820 1500 fau

385 1534 533 1602 cere
556 1531 698 1578 non
714 1506 907 1580 ceffat
928 1560 951 1593 ,
987 1505 1208 1591 donec
1227 1504 1393 1600 illud
1408 1506 1567 1576 loco
1584 1508 1931 1614 pepulerit.
2607 1585 2614 1592 ,
2801 1535 2808 1544 ·

496 1633 659 1700 540.
707 1612 915 1709 Ligna
936 1627 1161 1679 tamen
1181 1605 1490 1679 molliora
1503 1607 1815 1707 paulatim
1832 1611 2026 1684 etiam
2044 1614 2176 1691 huc
2197 1621 2350 1696 illuc
2368 1625 2543 1698 flecti
2560 1623 2811 1699 acduci

379 1705 648 1882 pazffunt
664 1756 685 1787 ,
715 1715 789 1783 &
803 1708 1004 1781 alium
1028 1704 1693 1807 quemcunque-litum
1710 1716 1997 1814 recipere
2014 1760 2038 1796 ‚
2061 1742 2132 1790 ut
2146 1746 2332 1823 patet
2352 1729 2423 1796 in
2442 1730 2571 1799 vite
2590 1771 2614 1805 ‚
2637 1714 2771 1799 tilia
2786 1780 2810 1814 ,

477 1814 568 1883 ’ce
589 1861 611 1895 ‚
636 1813 767 1884 διε.
2575 1881 2580 1888 .

478 1935 634 2009 34¹·
686 1906 1286 2012 Qcmadmodum
1347 1916 1418 1984 &
1475 1911 1709 1985 fluvius
1743 1911 2080 2014 progressii
2115 1931 2435 2027 temporis
2455 1951 2581 2027 per
2613 1921 2808 2006 aliam

372 2016 545 2086 viam
562 2056 585 2093 ‚
617 2012 822 2113 quium
845 2013 1027 2114 prius
1046 2008 1295 2085 secutus
1311 2006 1470 2097 fuit,
1499 2009 1782 2085 derivari·
1797 2018 2037 2114 potest.
2538 2087 2544 2096 .

474 2140 636 2212 342.
694 2110 921 2189 Causae
957 2115 1117 2187 vero
1148 2110 1588 2214 quamobrem
1618 2113 1856 2216 plantae
1885 2120 2220 2217 quaedam,
2255 2126 2363 2200 vel
2385 2115 2609 2204 earum
2632 2130 2802 2204 rami

372 2209 679 2285 deorsum
701 2213 1092 2286 inclinentur
1108 2267 1132 2301 ,
1151 2230 1264 2286 au't
1279 2211 1502 2287 (altem
1531 2240 1669 2287 non
1685 2215 2005 2316 affingant
2023 2230 2090 2295 in
2113 2224 2319 2302 altum
2337 2284 2360 2318 ,
2381 2231 2529 2305 sunt
2551 2230 2804 2330 quaestss·

419 2335 692 2383 uuntur:

370 2336 419 2409 q
475 2433 644 2501 545.
707 2433 733 2477 1
747 2456 768 2477 .
787 2413 881 2482 vi
901 2410 1233 2509 gravitatis
1253 2408 1556 2487 deorsum
1575 2412 1998 2503 inflectuntur,
2009 2426 2182 2497 *rami
2198 2429 2422 2523 pomis
2444 2434 2727 2504 onerati.

262 2547 266 2549 Δ
476 2529 642 2599 544.
694 2527 751 2575 2.
775 2510 869 2579 Vi
900 2507 1072 2578 Solis
1102 2515 1429 2607 aperiente
1450 2519 1519 2581 &
1542 2536 1881 2609 premente
1899 2526 2340 2592 extremitates
2360 2521 2793 2616 surculorum}

368 2612 445 2680 δε
458 2601 624 2678 folia
646 2599 951 2675 deorsum
968 2602 1320 2705 pelluntur.
1951 2638 1956 2641 “

452 2727 626 2876 l345.
686 2732 751 2800 5.
771 2700 1250 2806 Multaeplantae
1268 2702 1610 2778 molliores
1632 2707 1703 2777 in
1717 2702 2197 2809 longitudinem
2218 2710 2682 2807 excrescentes,
2697 2719 2792 2794 ob

365 2801 451 2878 de
480 2811 704 2881 cetum
724 2802 1045 2882 firmitatis
1064 2851 1089 2885 2
1121 2813 1368 2908 erigere
1389 2803 1511 2878 sele
1531 2831 1900 2905 nequeunt:
1934 2805 2042 2883 scd
2058 2838 2170 2888 aut
2187 2814 2375 2888 humi
2390 2842 2657 2922 repunt,
2677 2844 2791 2895 aut

208 2933 219 2937 ·
360 2886 585 2981 fulcris
602 2902 993 3009 quibusdam
1009 2905 1285 2983 subnixae
1303 2904 1542 2981 sursum
1567 2905 1879 2984 crescunt.

459 3021 626 3105 346.
678 3005 988 3108 Exempla
1008 3007 1307 3082 videmus
1325 3016 1391 3081 in
1412 3007 1658 3101 hedera
1681 3063 1703 3096 ‚
1736 3016 1862 3084 vite
1884 3055 1909 3089 2
1953 3006 2314 3088 cucurbitis
2332 3068 2353 3101 ,
2387 3016 2787 3119 pifis5fabis.

457 3127 625 3204 347.
676 3107 920 3181 caules
938 3112 1163 3182 tamen
1174 3113 1293 3211 pe'r
1313 3133 1496 3184 terrae
1515 3110 1852 3212 planitiem
1874 3111 2188 3216 expansos
2203 3116 2423 3191 succus
2439 3145 2578 3193 non
2592 3117 2789 3194 desti·-

359 3209 484 3277 tuit
505 3260 528 3294 ,
560 3231 635 3282 ut
655 3231 795 3325 ’ote
836 3215 947 3311 qui
977 3206 1229 3285 facilius
1259 3234 1378 3311 per
1412 3235 1629 3285 certos
1655 3236 1950 3301 meatus,
1979 3215 2175 3312 quim
2193 3240 2311 3321 p‘er
2326 3217 2608 3295 liberum
2627 3233 2782 3297 αέα

650 3333 670 3377 ι
779 3358 799 3381 .
2129 3347 2134 3353 ·
2203 3376 2236 3389 -.
2522 3362 2528 3367 ·

353 3331 628 3503 Pm384n83.
676 3333 786 3481 2¹3
822 3405 1013 3486 fitum
1049 3418 1123 3486 &
1150 3409 1380 3484 locum
1395 3411 1771 3511 plantarum
1787 3411 1919 3487 hoc
1934 3420 2133 3489 etiam
2149 3418 2468 3521 pertinet,
2511 3419 2702 3521 quod
2720 3426 2784 3495 in

248 3539 257 3547 ·
353 3515 453 3580 via
471 3514 697 3580 calcata
709 3509 1003 3604 nonfitlent'
1011 3516 1327 3605 provenire.

414 3617 425 3625 '
460 3630 626 3706 349.
676 3609 859 3681 Nam
893 3632 1248 3711 perpetuus
1270 3622 1338 3686 &
1356 3607 1547 3687 fortis
1566 3611 1873 3715 impulsus
1888 3613 2048 3691 facit
2068 3674 2086 3702 ,
2121 3642 2193 3693 ut
2209 3618 2446 3723 molles
2459 3617 2774 3696 surculiin

351 3708 619 3808 perficie
634 3708 881 3783 telluris
897 3710 1207 3813 assurgere
1226 3739 1365 3787 non
1381 3713 1656 3787 valeant.
2726 3786 2754 3795 ..

406 3910 420 3925 ·
455 3837 626 3928 550.
664 3810 872 3889 Simili
898 3811 985 3888 de
1025 3809 1211 3890 causa
1232 3818 1301 3887 in
1331 3816 1478 3890 vela
1510 3840 1743 3888 manus
1780 3824 1851 3891 δε
1882 3815 2106 3919 planta
2120 3819 2310 3925 pedis
2326 3844 2467 3897 non
2487 3820 2778 3929 crescunt

352 3905 502 4009 Pm-
1679 4023 1752 4117 Q
1774 4043 1823 4117 q
1880 4043 1920 4091 2
2522 4048 2550 4109 5
2569 4043 2599 4112 ς
2619 4045 2644 4089 1
2658 4066 2676 4087 .
2701 4019 2785 4088 Et
