3391 4418
582 145 754 247 446
1090 100 2540 206 ConroxrstTAnxuae

694 270 806 319 ro.
858 230 1050 311 Adde
1071 258 1144 328 4.
1167 223 1356 329 quod
1376 228 1579 294 etiam
1598 226 1858 322 vigente
1879 219 2342 288 commotione
2357 210 2579 285 cordis
2597 264 2618 298 ,
2638 207 2735 285 uti
2751 204 3025 287 monui-2
3052 218 3067 233 '

596 372 781 427 mus,
809 338 983 409 hanc
1018 334 1336 432 benignus
1366 330 1648 397 Creator
1670 317 1993 394 voluntati
2016 316 2247 387 nostrat
2280 312 2466 386 dedit
2487 309 2872 386 facultatem
2891 367 2917 401 ,
2954 336 3031 386 ut
3052 316 3067 335 ³

598 445 796 552 possit
819 466 956 513 non
978 431 1318 532 indulgere
1352 425 1834 503 commotionis
1857 418 2026 490 illius
2045 412 2386 489 effectibus
2402 467 2426 500 ‚
2461 424 2529 486 &
2551 410 2872 502 cohibere
2892 412 3038 513 plu-

603 555 810 623 rimos
837 565 915 612 ex
943 531 1236 609 motibus
1254 581 1277 617 ‚
1305 525 1390 597 ad
1425 552 1595 624 quos
1627 522 1865 601 eadem
1895 514 2025 618 ipsa
2064 520 2443 587 commotio
2467 541 2712 614 corpus
2732 514 3036 586 nostrum

606 646 920 748 disponit.
968 642 1077 710 Ex.
1097 660 1194 734 gr.
1221 626 1269 700 fi
1287 633 1378 700 ira
1393 622 1583 699 faciat
1601 649 1672 697 ut
1689 645 1920 707 manus
1940 616 2317 718 erigatur·ad
2337 613 2844 717 percutiendum
2859 668 2883 700 ‚
2914 640 3038 685 vo-

610 752 826 822 luntas
853 765 925 813 ut
954 737 1310 839 plurimum
1332 755 1478 800 eam
1511 728 1828 798 abstinere
1851 721 2065 822 potest
2087 764 2110 795 2
2156 718 2367 811 (unde
2387 718 2578 790 Plato
2598 715 2684 787 ad
2706 711 3037 786 famulum

619 838 998 923 conversus,
1036 832 1408 934 vapulares,
1442 832 1699 924 inquit,
1732 821 1780 895 fi
1807 827 2006 892 iratus
2040 845 2177 890 non
2197 814 2466 911 cssem3)
2506 814 2552 886 fi
2574 841 2787 888 metus
2808 813 3043 885 incitet

626 970 811 1020 crura
830 939 916 1014 ad
934 934 1158 1037 fugam
1181 926 1629 1032 capessendam
1645 971 1665 1009 ,
1703 921 2003 999 voluntas
2022 918 2407 1020 plerumque
2428 914 2536 988 illa
2555 915 2763 988 fistere
2784 912 3004 1014 potest
3020 962 3047 1000 ,

626 1069 823 1144 atque
843 1043 936 1114 it'a
959 1044 1025 1109 in
1047 1033 1209 1105 aliis.

732 1172 762 1217 1
784 1171 808 1215 1
823 1200 842 1215 .
892 1139 1202 1233 Denique
1245 1157 1310 1225 5.
1334 1126 1492 1201 cum
1516 1154 1592 1199 ea
1621 1122 1695 1197 fit
1714 1146 1942 1194 natura
1970 1123 2463 1217 conjunctionis
2481 1121 2710 1190 animae
2729 1140 2881 1187 cum
2901 1138 3052 1185 cor-

683 1271 796 1317 ore
818 1296 840 1325 ‚
870 1263 941 1314 ut
976 1236 1272 1309 afflones
1310 1235 1605 1329 corporis
1634 1223 1882 1296 eaedcm
1915 1220 2051 1293 aliis
2080 1244 2277 1318 atque
2304 1219 2439 1291 aliis
2475 1222 2680 1289 animi
2697 1213 3051 1288 funffloni-

630 1274 758 1418 {us
788 1366 902 1443 per
932 1359 1178 1410 certam
1210 1329 1586 1403 industriam
1619 1326 1893 1396 aliamve
1914 1317 2164 1394 causam
2186 1325 2373 1422 jungi
2398 1316 2643 1419 poffint
2672 1326 2743 1390 ὅ(
2765 1312 3008 1387 soleant
3027 1364 3051 1398 ‚

637 1434 1211 1546 quemadmodum
1242 1457 1385 1530 cap.
1414 1459 1520 1527 34.
1569 1427 1628 1528 §
1645 1436 1712 1498 6.
1735 1421 1871 1523 sqq.
1897 1421 2270 1523 explanavi,
2307 1419 2523 1520 potest
2558 1422 2797 1490 Homo
2836 1436 3056 1485 mente

641 1547 680 1620 ὲ
713 1565 992 1644 corpore
1022 1532 1336 1607 abstraffi
1362 1528 1747 1625 summoque
1782 1521 1997 1619 studio
2038 1520 2275 1592 diutius
2312 1515 2616 1591 adhibito
2652 1567 2674 1603 ‚
2722 1516 2802 1588 eo
2824 1537 3060 1614 perve-

645 1651 780 1719 nire
806 1697 830 1731 ,
863 1665 936 1713 ut
972 1636 1270 1736 corporis
1305 1652 1529 1702 motus
1559 1638 1629 1702 &
1662 1623 2080 1697 alterationes
2104 1626 2383 1722 propriis
2402 1618 2672 1692 rationis
2694 1620 2883 1690 armis
2917 1615 3065 1685 vin·

645 1771 776 1819 cat.
841 1738 1118 1817 Paffion.
1140 1735 1198 1834 §
1218 1759 1335 1828 49.
1355 1755 1466 1827 50.
1533 1735 1704 1826 Qae
1737 1721 1928 1797 fusius
1962 1722 2270 1794 diducere
2303 1729 2377 1796 δε
2414 1723 2615 1818 magis
2642 1714 3062 1815 Theologice

649 1847 755 1921 vel
784 1849 980 1916 etiam
1002 1834 1233 1909 Ethice
1268 1829 1631 1906 declarare,
1675 1826 1935 1896 alterius
1972 1832 2252 1903 omnino
2285 1820 2417 1893 loci
2438 1821 2550 1889 est.
2614 1815 2747 1889 Hic
2782 1838 3068 1886 anoma-

647 1946 749 2017 15ae
775 1942 988 2032 illius,
1025 1960 1151 2034 qua
1185 1928 1454 2001 affectus
1489 1926 1572 1997 de
1605 1930 1859 1996 ratione
1892 1922 2295 2024 triumphant
2328 1929 2393 1996 &
2419 1944 2656 2023 corpus
2676 1919 2916 1989 animae
2939 1911 3071 1987 do·

654 2026 978 2121 minatur,
1013 2030 1459 2132 quadantenus
1478 2022 1782 2123 attigisse,
1804 2021 1946 2096 satis
1972 2026 2133 2096 esto.

1499 2264 1584 2348 c
1642 2289 1700 2345 A
1758 2294 1826 2347 ιι.
1950 2262 2022 2345 L
2038 2211 2113 2354 v
2139 2260 2253 2346 11.

897 2456 1318 2562 Conjunb't'io
1334 2454 1579 2532 tnimae
1599 2447 1690 2544 ἀ
1709 2452 2012 2562 corporis
2038 2445 2369 2561 quomodo
2388 2438 2844 2555 dtffivlvaetur.
2896 2433 2899 2434 ⁷

671 2679 732 2723 1.
915 2645 1316 2741 Osteaquam
1355 2639 1439 2711 de
1475 2643 1774 2738 corporis
1813 2641 2146 2734 animique
2186 2636 2655 2731 conjunffione
2694 2649 2828 2697 tam
2871 2622 3077 2695 multa

907 2743 1337 2824 disseruimus,
1371 2736 1779 2834 vidimusque
1813 2762 1889 2809 ex
1919 2739 2157 2834 quibus
2194 2732 2450 2807 actibus
2473 2730 2725 2803 constet
2746 2771 2770 2804 ‚
2807 2721 3075 2824 quando

661 2849 968 2945 incipiat,
1000 2839 1356 2942 quomodo
1389 2845 1848 2924 continuetur,
1883 2863 2056 2934 quos
2086 2833 2361 2937 gradus,
2395 2859 2555 2932 quas
2584 2820 2975 2902 differentias
2992 2847 3077 2892 ac

665 2949 1063 3022 mutationes
1081 2964 1223 3014 tum
1243 2947 1306 3012 in
1333 2964 1472 3011 uno
1495 2936 1768 3010 homine
1791 2960 1929 3008 tum
1948 2942 2014 3007 in
2035 2934 2293 3008 diverfis
2308 2933 2612 3005 admittat
2632 2981 2655 3018 ,
2678 2953 2809 3026 qua
2822 2930 3079 2996 ratione

585 3131 588 3132 ⁷
665 3050 745 3123 ad
773 3069 988 3121 totum
1013 3069 1251 3142 corpus
1269 3084 1291 3117 2
1332 3063 1464 3134 qua
1483 3043 1639 3110 item
1665 3035 1751 3108 ad
1777 3060 1990 3134 partes
2021 3037 2159 3129 ejus
2177 3031 2493 3109 referatur
2511 3078 2535 3111 ‚
2576 3028 2819 3130 quibus
2834 3030 3084 3122 imper-

668 3141 1068 3220 sectionibus
1091 3195 1111 3226 ,
1145 3143 1376 3240 pugnis
1409 3160 1605 3235 arque
1639 3134 1905 3208 diffidiis
1942 3135 2016 3207 lit
2052 3136 2380 3222 obnoxia3
2417 3131 2684 3206 tandem
2726 3121 3085 3228 quomodo

672 3242 1051 3319 diffolvatur
1069 3236 1534 3338 inquirendum
1550 3236 1664 3307 est.

775 3371 840 3418 2.
894 3337 1193 3439 Qndo
1229 3338 1383 3409 vero
1418 3334 1582 3407 nihil
1602 3360 1736 3407 tam
1757 3334 2044 3408 naturale
2063 3335 2152 3406 est
2171 3379 2191 3414 ‚
2226 3333 2429 3431 quam
2450 3327 2983 3427 unumquodque
3004 3351 3085 3398 eo

581 3451 588 3458 ’
669 3471 886 3524 rerum
903 3465 1141 3544 genere
1158 3435 1316 3510 solvi
1335 3462 1473 3534 quo
1493 3434 1876 3604 colligatum
1897 3435 1988 3505 est
2012 3489 2033 3520 ,
2065 3458 2245 3533 patet
2265 3438 2562 3533 corporis
2576 3434 2911 3527 animique
2931 3452 3089 3500 con·

674 3551 1086 3645 junfflonem
1112 3536 1271 3611 solvi
1296 3535 1449 3607 curn
1469 3539 1645 3608 utriu
1673 3561 1800 3633 que
1819 3539 2013 3633 partis
2038 3539 2220 3606 actus
2246 3532 2365 3604 fibi
2392 3539 2676 3604 invicem
2699 3527 3087 3629 respondere

677 3655 748 3718 &
788 3667 1179 3719 concurrere
1215 3633 1512 3711 definunt
1545 3665 1561 3706 ε
1616 3639 1932 3733 quoniam
1971 3659 2088 3733 per
2121 3658 2431 3706 mutuum·
2457 3655 2787 3705 certorum
2825 3633 3094 3702 actuum

680 3742 1063 3817 concursum
1092 3749 1160 3814 &
1183 3734 1552 3838 responsum
1573 3732 1983 3835 colligantur.

779 3867 835 3934 3.
887 3845 968 3910 Et
985 3836 1557 3937 quemadmodum
1576 3838 1861 3907 amicitia
1882 3830 1984 3905 vel
2002 3831 2311 3932 paulatim
2336 3830 2625 3904 diffuitur
2642 3883 2667 3918 ,
2697 3833 2801 3903 vel
2827 3853 3094 3932 repente

682 3935 1121 4017 diffcinditur:
1147 3941 1240 4009 ita
1258 3943 1456 4011 etiam
1473 3941 1772 4040 corporis
1792 3937 2123 4033 animique
2144 3932 2531 4031 conjunctio
2551 3930 2884 4007 dirimitur
2903 3986 2925 4021 ,
2950 3955 3102 4006 mu-

2974 4054 3105 4116 tuis
