3391 4418
629 169 817 252 23²2<
1273 133 2474 217 Dls'PUTAT1o·

623 289 750 366 pro
781 256 1029 331 lumine
1057 245 1359 320 habetur.
1408 248 1611 413 Αῑιέιιί
1645 241 1735 314 illi
1771 245 2036 312 conatui
2055 292 2078 324 ,
2109 265 2247 336 quo
2267 241 2541 310 materia
2564 238 2742 314 Solis
2763 249 2830 315 δι
2854 242 3093 320 Caelo..

626 388 774 437 rum
792 359 827 431 d
849 357 1085 429 centris
1104 345 1191 420 sui
1208 369 1427 419 motus
1440 370 1521 417 or
1570 341 1824 417 icularis
1839 337 2049 429 versus
2057 338 2496 439 peripheriam
2515 340 2828 414 recedere
2852 353 3084 419 nitun-

628 488 734 537 tur
755 514 777 547 ‚
806 457 1070 531 luminis
1094 452 1528 551 proprietates
1544 441 1781 515 insunt.
1829 445 2005 542 Ergo
2032 449 2167 511 &c-

740 586 765 631 ι
779 585 850 631 0.
908 559 1136 649 Major
1156 546 1477 648 probatur
1497 543 1615 616 illo
1628 566 1916 615 canone:
1940 540 2023 612 de
2043 563 2181 637 quo
2203 533 2561 612 affirmatur
2577 547 2954 641 proprium,
2979 545 3070 618 de

636 661 754 735 illo
774 652 910 757 ipsa
944 674 1217 751 quoque
1245 643 1509 718 effentia
1532 643 1911 716 affirmatur.
1966 640 2288 713 Probatur
2303 645 2528 712 minor
2547 667 2687 712 nou
2707 643 2968 716 tantum
2990 673 3078 718 ex

638 760 759 835 illis
788 754 993 846 tribus
1022 752 1340 851 primatiis
1370 750 1567 817 Lucis
1594 739 2110 844 proprietatibus
2148 747 2354 832 citato
2372 739 2561 832 Phys.
2585 745 2832 817 Contr.
2858 752 3078 845 capite

639 854 999 934 tecenfitis.
1029 850 1257 924 verum
1288 849 1485 917 etiam
1508 871 1584 916 ex
1608 844 1747 915 aliis
1772 839 1926 912 alibi
1961 839 2238 912 traditis,
2286 845 2382 912 Ita
2405 838 2522 913 Ph.
2561 845 2803 914 Contr.
2824 851 2883 922 §-
2917 853 3067 939 814.

644 957 785 1060 sqq.
802 956 1146 1057 exponitur
1160 1000 1183 1032 ‚
1221 942 1575 1046 quomodo
1595 943 1822 1015 lumen
1836 938 2166 1012 calefaciat
2185 948 2319 1013 &c-
3060 1013 3076 1024 ,

752 1081 779 1127 1
800 1083 826 1131 1
840 1110 859 1129 .
882 1058 999 1126 ·At
1009 1054 1276 1123 conatui
1289 1043 1431 1117 illia
1448 1068 1640 1117 motu
1654 1039 2118 1141 distinguendo
2137 1066 2275 1112 uon
2293 1035 2468 1114 favet
2481 1038 2596 1114 Cl.
2617 1039 2899 1126 Voffius,
2917 1040 3091 1115 dum

648 1160 994 1259 cap-XIV.
1030 1143 1328 1222 adversus
1351 1142 1715 1219 Cartefium
1752 1140 1837 1212 fic
1854 1139 2108 1214 scribit:
2145 1141 2317 1236 Qod
2327 1138 2678 1232 autemfait
2699 1142 3094 1237 differentiam

649 1264 798 1330 inter
835 1274 1055 1328 motum
1073 1305 1091 1334 ‚
1132 1249 1209 1324 (r
1235 1244 1638 1342 propensionem
1672 1245 1751 1314 ad
1777 1259 1994 1314 motum
2008 1290 2032 1325 ,
2071 1241 2256 1318 &boc
2274 1262 2489 1332 quoque
2511 1241 2724 1335 oedipo
2747 1263 2876 1334 opus
2896 1242 3095 1316 babet.

655 1371 718 1430 N
722 1375 895 1429 atara
910 1375 1019 1425 nem
1036 1347 1199 1420 babet
1215 1344 1609 1441 propenfionem
1626 1363 1689 1413 ut
1704 1345 1836 1415 iuuc
1848 1359 2150 1413 moveatur
2171 1388 2192 1423 ,
2227 1362 2341 1431 qua
2360 1340 2445 1411 ire
2456 1341 2770 1440 nonpotest.

769 1481 879 1529 η.
922 1445 1119 1546 Resp.
1160 1450 1228 1519 Si
1265 1441 1510 1545 legisset
1544 1466 1740 1539 atque
1759 1435 2158 1514 intellexisset
2171 1441 2497 1538 Princip'p.
2518 1457 2691 1539 part.
2711 1439 2941 1538 tert.§.
2966 1452 3088 1533 56.

662 1567 734 1633 δι
752 1552 1094 1650 sequentes
1116 1601 1138 1634 ‚
1163 1544 1249 1617 ad
1264 1568 1341 1616 ea
1360 1569 1507 1641 quae
1524 1539 1824 1613 Cartefio
1846 1539 2155 1641 magistro
2172 1535 2425 1610 discunt
2444 1537 2589 1623 alii,
2627 1536 2903 1640 Oedipo
2924 1566 3096 1641 opus

661 1653 785 1730 esse
822 1677 963 1725 non
997 1643 1296 1750 putasset.
1349 1637 1575 1715 Vefica
1594 1650 1740 1713 a‘e're
1754 1637 1947 1739 plena
1964 1641 2116 1710 cum
2137 1641 2200 1707 vi
2217 1635 2503 1736 quadam
2529 1635 2644 1709 sub
2659 1664 2828 1736 aqua
2846 1637 3096 1713 diutius

665 1755 993 1829 detinetur
1012 1803 1051 1836 ,.
1069 1773 1209 1821 non
1223 1739 1453 1817 definit
1467 1736 1704 1810 sursum
1723 1737 1988 1810 tendere
2007 1789 2031 1823 ,
2057 1738 2192 1834 quo
2215 1763 2434 1809 tamen
2455 1743 2548 1809 ire
2573 1738 2681 1811 tali
2706 1745 2775 1809 in
2791 1741 2956 1812 statu
2968 1767 3098 1842 po-

666 1858 782 1931 fita
804 1878 942 1927 non
962 1851 1157 1919 valet.
1204 1837 1739 1918 Ramusinflexus
1762 1834 1994 1910 sursum
2017 1835 2229 1908 redire
2250 1860 2564 1923 conatur,
2583 1865 2704 1910 nec
2721 1861 2940 1911 tamen
2955 1867 3096 1941 po-

671 1956 791 2030 test
805 1950 1005 2051 quam
1029 1947 1146 2018 diu
1165 1940 1377 2015 valida
1402 1963 1629 2038 manus
1646 1963 1800 2010 eum
1826 1937 2095 2010 detinet.
2145 1942 2213 2011 Si
2224 1936 2383 2009 nihil
2407 1939 2498 2010 est
2520 1963 2789 2011 conatus
2814 1938 2951 2019 ille,
2973 1967 3094 2013 ne-

670 2077 801 2153 que
820 2053 859 2122 a
871 2068 1062 2120 motu
1077 2043 1505 2142 distinguitur,
1527 2043 1632 2110 cui
1650 2061 1869 2109 tamen
1883 2042 2196 2139 jungitur,
2211 2064 2325 2110 cur
2339 2036 2498 2138 lapis
2512 2043 2579 2109 in
2591 2036 2797 2130 funda
2815 2063 3096 2130 rorum,

671 2148 889 2226 adhuc
925 2143 1226 2227 detentus
1253 2148 1320 2214 in
1345 2136 1482 2242 ipsa
1502 2192 1527 2227 ,
1561 2164 1682 2214 nec
1713 2138 1862 2216 iude
1877 2137 2098 2242 egredi
2124 2138 2341 2212 valens
2356 2191 2378 2225 ,
2412 2138 2634 2240 potius
2651 2142 2687 2212 a
2706 2164 2902 2213 manu
2917 2165 3104 2214 rece-

669 2256 825 2330 dere
842 2302 864 2335 ,
898 2246 1095 2347 quim
1116 2244 1201 2317 ad
1218 2240 1419 2346 ipsam
1432 2239 1743 2313 accedere
1759 2245 1984 2316 nititur
2005 2256 2029 2313 ξ
2059 2241 2184 2323 Sed
2208 2237 2374 2339 quid
2388 2264 2517 2340 ego
2529 2238 2641 2312 hic
2665 2239 2814 2314 talia
2830 2266 3093 2343 repete,
3133 2270 3134 2273 ’

672 2377 819 2456 quae
837 2344 1337 2421 luculentiffime
1353 2339 1505 2414 alibi
1525 2340 1966 2414 demonstrata
1989 2359 2011 2415 ἓ

775 2475 879 2543 ¹3·
925 2456 1237 2523 Praeterea
1276 2441 1639 2543 subjectum
1677 2443 1941 2514 luminis
1957 2439 2282 2518 Cartefius
2298 2466 2440 2514 non
2463 2441 2674 2516 modo
2711 2440 3103 2555 generaliter

676 2551 949 2652 assignat
964 2593 987 2627 .
1023 2545 1283 2624 Caelum
1314 2552 1382 2618 δι
1405 2540 1636 2617 Solem
1655 2542 2072 2615 nominando
2092 2593 2117 2627 ,
2158 2537 2265 2613 sed
2284 2538 2618 2641 specialius
2638 2549 2891 2645 insuper
2903 2570 2981 2616 ac
2996 2542 3102 2637 di-

675 2651 965 2725 stinstius
1000 2647 1342 2745 particulas
1375 2638 1679 2744 globosas
1701 2694 1725 2729 ,
1757 2668 1835 2714 ex
1870 2640 2111 2741 quibus
2145 2640 2400 2713 Caelum
2435 2667 2590 2715 com
2642 2652 2754 2716 oui
2779 2643 2982 2717 docet
3021 2652 3097 2717 &

677 2745 1019 2824 materiam
1110 2753 1259 2820 rimi
1294 2747 1601 2817 elementi
1622 2797 1644 2829 ‚
1675 2768 1753 2814 ex
1785 2768 1914 2840 qua
1942 2739 2169 2816 Solem
2190 2795 2208 2822 ,
2251 2766 2526 2817 conatus
2549 2671 2721 2818 illius
2736 2741 3100 2840 subjectum

679 2849 918 2923 asserit.
966 2775 1137 2918 vige
1153 2870 1305 2918 eum
1325 2848 1649 2943 Principp.
1669 2847 1792 2914 111.
1817 2855 1932 2939 63.
1947 2850 2012 2914 δε
2032 2839 2215 2915 alibi.
2635 2858 2640 2861 ’

686 2984 690 2991 ·
777 2972 879 3042 ¹4·
928 2942 1124 3017 Adeo
1158 2968 1232 3015 ut
1250 2947 1387 3014 Lux
1402 2940 1701 3016 Cartefio
1720 2941 1799 3014 fit
1825 2939 2064 3043 preffio
2094 2939 2201 3013 seu
2216 2966 2486 3016 conatus
2502 2945 2608 3019 ille
2630 2995 2650 3027 ,
2684 2970 2822 3044 quo
2843 2939 3101 3045 globuli

683 3042 951 3118 secundi
985 3040 1334 3116 elementi,
1369 3063 1493 3111 nec
1521 3065 1660 3113 non
1700 3046 1968 3113 materia
2003 3046 2193 3140 primi
2227 3046 2295 3112 in
2329 3042 2484 3117 Sole
2508 3070 2622 3121 aut
2641 3045 2760 3117 aha
2781 3046 2903 3119 fixa
2928 3041 3103 3116 stella

682 3164 1076 3245 congregata
1093 3190 1114 3225 ,
1133 3136 1437 3214 recedere
1455 3144 1745 3212 nituntur
1761 3141 1808 3214 ὲ·
1820 3148 2052 3219 centris
2065 3138 2151 3218 sui
2169 3165 2414 3229 motus,
2427 3150 2757 3267 Principp.
2772 3151 2890 3217 111.
2912 3165 3023 3239 55.

786 3267 898 3337 15.
951 3242 1214 3340 Nempe
1248 3261 1321 3311 ut
1352 3244 1419 3311 in
1453 3237 1813 3314 moralibus
1838 3248 2168 3313 contradus
2193 3246 2472 3343 exempli
2494 3270 2722 3332 causa,
2755 3243 2944 3317 multi
2962 3239 3106 3344 spe·

688 3341 848 3416 ciale
885 3363 1134 3412 nornen
1154 3334 1401 3411 habent
1415 3337 1849 3439 dicunturque
1868 3346 2074 3412 emtio
2095 3385 2116 3417 ‚
2152 3340 2450 3415 venditio
2467 3353 2601 3425 διε.
2654 3351 2834 3418 Itain
2849 3366 3108 3416 natura-

682 3442 856 3517 libus
885 3443 1120 3516 Motus
1157 3447 1227 3512 δε
1254 3438 1716 3539 propensio'ad
1736 3458 1994 3512 motum
2022 3444 2353 3539 accipiunt
2376 3441 2642 3523 subinde
2660 3441 2954 3546 specialia
2978 3468 3105 3517 no-

687 3550 865 3615 mina
893 3593 917 3626 ,
959 3563 1287 3636 quatenus
1323 3543 1391 3610 in
1422 3544 1612 3613 certis
1636 3538 1934 3639 subjeffls
1954 3538 2475 3630 confidentiant,
2511 3546 2610 3620 vel
2630 3534 3108 3646 proprietatem

687 3640 970 3816 {liquam
984 3639 1362 3810 adjllnfflm
1380 3635 1651 3714 habent.
1665 3644 1763 3715 Ita
1782 3662 2003 3713 motus
2020 3667 2048 3716 1
2063 3693 2081 3713 .
2094 3643 2281 3728 asin-is,
2300 3669 2363 3717 z.
2380 3646 2688 3721 tremulus
2703 3653 2774 3720 &
2789 3644 3109 3732 vibratus,

739 3765 908 3814 onus
924 3764 955 3808 a
1053 3767 1086 3811 e
1138 3763 1304 3812 atur.

682 3874 687 3881 ·
794 3866 822 3913 1
834 3852 903 3913 6.
950 3765 1101 3939 ἔξω
1118 3865 1269 3912 cum
1285 3834 1395 3909 illa
1410 3836 1785 3917 Cartefiana
1803 3840 2178 3917 Voffianam
2192 3838 2387 3917 Luci‘s
2404 3843 2864 3920 definitionem
2878 3838 3118 3918 confe-

584 3956 595 3967 “
642 3964 908 4022 ‚tamus
926 3994 945 4021 ‚
983 3966 1126 4040 quae
1144 3939 1377 4040 legitur
1394 3943 1605 4038 capite
1627 3948 1867 4018 tertio:
1908 3938 2124 4043 Luxaest
2139 3948 2290 4017 adm
2310 3947 2813 4047 formidamus,
2825 3936 3122 4046 perquem

724 4039 966 4138 ubiquid
981 4040 1188 4137 risibile
1198 4036 1275 4141 est
1286 4039 1584 4113 cernimus.
2713 4044 2723 4052 ‘
2914 4050 3123 4141 17‚10
