3391 4418
521 171 683 274 316
1287 147 1646 250 ΤἮΒ
1725 163 2024 224 ox]
2109 164 2168 216 A

619 269 711 363 48
727 292 758 339 2
770 316 791 337 .
837 267 1040 338 Sicuti
1067 284 1353 334 extrema
1383 253 1666 330 funiculi*
1690 251 1944 325 distenti
1959 271 2147 350 parte
2173 248 2373 319 trasta
2386 242 2575 321 fimul
2596 249 2717 325 alia
2733 256 2794 326 ei
2815 261 2945 358 ⁰P⁴

523 368 735 475 pofita
758 387 1083 436 movetur.
1105 359 1225 433 Ph.
1248 385 1320 453 51
1333 386 1394 431 2.

624 469 715 560 48
728 494 759 563 3
774 517 792 536 .
842 468 938 536 Ita
957 459 1148 534 sonus
1164 513 1187 546 ,
1206 458 1382 531 odor
1393 508 1416 540 ‚
1439 454 1631 528 dolor
1643 497 1675 530 ,
1690 449 1919 534 fames,
1936 475 2018 521 ac
2031 446 2413 551 generaliter
2425 458 2652 523 omnia
2675 452 2950 553 objecta

529 592 664 641 ram
683 561 970 637 sensuum
989 583 1405 632 externorum
1427 606 1447 641 ‚
1470 553 1673 653 quam
1693 557 2100 651 appetituum
2111 557 2517 622 internorum
2538 604 2561 637 ,
2580 553 2865 627 localem
2881 562 2952 629 in

529 670 741 740 nervis
763 687 1025 736 motum
1046 665 1324 731 excitant
1348 715 1366 741 ,
1400 663 1511 754 qui
1536 680 1651 754 per
1667 655 1838 751 ipsos
1852 648 1940 721 ad
1954 651 2294 720 cerebrum
2310 648 2552 723 tranfit.

632 767 799 862 484.
850 769 1008 862 Q
1025 766 1274 832 ratione
1292 812 1313 844 ‚
1329 762 1525 828 etiam
1547 749 1787 849 absque
1810 755 2044 821 mentis
2062 755 2417 849 cogitantis
2429 777 2668 851 opera,
2690 754 2957 854 poffunt
3020 799 3028 814 ⁵

544 865 803 940 efficere
826 916 848 948 ,
871 858 998 933 urs
1028 866 1201 932 ititus
1216 853 1423 950 versus
1442 854 1568 926 hos
1585 850 1807 953 potius
1820 847 2020 948 quim
2035 847 2187 920 illos
2211 847 2536 925 musculos
2553 877 2952 942 currant,at..

545 994 672 1069 que
688 969 787 1037 ita
798 888 1092 1034 memgra
1111 961 1439 1031 moveant.
2965 1007 2972 1020 ⁶

625 1068 738 1160 -48
755 1091 784 1158 5
802 1118 818 1134 .
870 1065 982 1132 Ex.
1050 1085 1100 1130 r.
1132 1055 1177 1127 fi
1195 1063 1341 1156 quis
1361 1055 1495 1127 cito
1525 1048 1882 1124 extenderit
1904 1073 2168 1120 manum
2188 1052 2258 1120 in
2280 1051 2515 1124 oeulos
2534 1054 2792 1126 nostros
2815 1079 2962 1130 tan-

550 1192 751 1268 quam
773 1088 1361 1234 nosvergberaturus
1377 1207 1398 1242 ,
1419 1156 1715 1251 quamvis
1731 1146 1993 1222 sciamus
2008 1174 2159 1221 eum
2176 1147 2376 1223 nobis
2395 1157 2709 1239 amicum,
2727 1160 2793 1225 δε
2813 1181 2956 1228 non
3028 1226 3036 1237 ‚

554 1265 668 1340 nisi
692 1274 853 1363 joco
882 1258 953 1331 id
972 1256 1182 1331 facere
1199 1311 1221 1343 ,
1258 1254 1831 1349 abstenturumque
1847 1247 1932 1321 ab
1948 1254 2135 1322 omni
2158 1247 2344 1322 malo.
2360 1249 2557 1326 nobis
2577 1250 2915 1328 inferendo
2930 1313 2956 1342 ,

555 1374 662 1443 vix
684 1387 907 1438 tamen
920 1357 1143 1432 abillis
1158 1353 1535 1430 claudendis
1555 1377 1677 1424 nos
1693 1347 2007 1423 cohibere
2024 1345 2380 1449 poss‘umus.
2450 1402 2463 1412 .

649 1471 740 1563 48
751 1476 821 1536 6.
872 1467 1035 1560 Q
1069 1457 1368 1556 exemplo
1391 1450 1788 1538 ostenditur,
1815 1445 2045 1521 oculos
2062 1473 2216 1521 tunc
2237 1471 2372 1520 non
2386 1448 2600 1524 claudi
2621 1459 2844 1526 am’rnae
2859 1481 2982 1526 ra-,

540 1563 822 1638 ‘tionalis
855 1565 1133 1660 imperio
1150 1609 1174 1643 ‚
1210 1561 1365 1630 cum
1386 1552 1455 1625 id
1481 1553 1599 1625 fiat
1621 1574 1852 1624 contra
1869 1548 2274 1621 voluntatem
2294 1552 2581 1624 nostram
2603 1597 2628 1631 ‚
2669 1580 2812 1653 quae
2829 1551 2964 1628 sola

560 1690 671 1742 aut
692 1661 909 1738 {altem
935 1665 1265 1760 ptaeeipua
1280 1666 1417 1753 ejus
1436 1656 1609 1723 aetio
1623 1650 1750 1734 est3
1789 1645 2091 1737 (Confer
2110 1648 2283 1746 §.65
2297 1675 2357 1720 2.
2376 1657 2403 1745 )

661 1770 834 1857 487.
882 1758 1012 1833 Sed
1038 1758 1226 1859 quod
1247 1751 1546 1827 machina
1568 1748 1765 1819 nostri
1784 1754 2078 1848 corporis
2093 1753 2182 1820 ita
2200 1748 2565 1850 composita
2585 1750 2660 1825 fit
2674 1805 2699 1840 ,
2738 1781 2809 1830 ut
2824 1783 2974 1831 mo-

568 1888 669 1941 tus
687 1865 858 1937 illius
876 1884 1108 1934 manus
1126 1856 1213 1929 ad
1227 1852 1456 1927 oeulos
1468 1847 1724 1922 nostros
1737 1899 1761 1932 ,
1780 1853 2015 1930 excitet
2034 1845 2239 1921 alium
2259 1873 2519 1924 motum
2531 1861 2600 1925 in
2623 1857 2845 1929 nostro
2867 1882 2978 1929 ce..

464 1963 468 1970 ’
571 1965 767 2037 rebro
783 2006 807 2040 ‚
843 1966 954 2057 qui
974 1957 1222 2058 spiritus
1237 1951 1543 2025 animales
1562 1944 1831 2020 deducit
1848 1946 2077 2023 inillos
2099 1946 2460 2039 musculos,
2495 1957 2609 2052 qui
2625 1955 2982 2057 palpebras

576 2064 979 2163 deptimunt.
1510 2107 1522 2121 -
1652 2054 1663 2068 '
2985 2051 2995 2059 ’

665 2162 831 2256 4884
883 2168 981 2233 Ita
995 2152 1255 2254 plurimi
1278 2152 1512 2227 dantur
1529 2156 1600 2227 in
1619 2153 1814 2229 nobis
1832 2178 2052 2229 motus
2075 2197 2099 2233 2
2138 2158 2254 2255 qui
2275 2151 2456 2228 nullo
2478 2152 2734 2254 paeto}
2750 2177 2980 2231 mente

575 2261 870 2364 pendent
883 2311 904 2340 ,
941 2282 1011 2333 ut
1026 2250 1243 2356 pulsus
1255 2254 1474 2329 cordis
1486 2299 1510 2333 ‚
1533 2254 1836 2329 ciborum
1850 2260 2073 2329 coctio
2097 2308 2119 2340 ‚
2139 2260 2415 2329 nutritio
2436 2307 2460 2340 ‚
2482 2253 2938 2329 convulfinues
2953 2301 2982 2340 ‚

574 2359 911 2464 respiratio
933 2358 1406 2433 dormientium
1419 2405 1440 2434 ,
1464 2376 1662 2455 atque
1681 2361 1884 2430 etiam
1901 2361 1968 2427 in
1987 2353 2394 2456 vigilantibus
2409 2355 2801 2437 ambulatio,
2824 2381 2979 2429 can-

578 2470 677 2537 tio
707 2472 777 2537 ὄι
799 2457 1030 2536 fimilia
1045 2502 1072 2537 ‚
1104 2456 1259 2530 cum
1279 2457 1447 2530 fiunt
1470 2464 1697 2531 animo
1716 2482 1854 2528 non
1872 2454 2277 2529 advertente.

672 2567 845 2655 489.
895 2564 1223 2658 Cumque
1238 2584 1314 2630 ex
1344 2556 1483 2630 alto
1506 2556 1886 2630 decidentes
1907 2582 2136 2629 manus
2154 2561 2221 2627 in
2238 2578 2471 2627 terram
2491 2564 2939 2656 praemittimus
2954 2594 3004 2641 ,·

578 2666 804 2764 capitis
826 2660 1059 2735 tuendi
1076 2657 1292 2740 causi,
1307 2657 1492 2731 nullo
1511 2641 1584 2731 id
1601 2663 1869 2731 rationis
1884 2652 2156 2729 consilio
2168 2652 2466 2736 facimus,
2488 2655 2601 2729 nifi
2615 2655 2789 2734 sorte
2804 2656 2984 2733 tatic.

575 2759 733 2836 fime
751 2793 772 2848 ·,
787 2759 895 2834 sed
911 2762 1349 2857 tantum,quia
1362 2757 1520 2833 vifio
1533 2756 1974 2860 impendentis
1989 2753 2160 2829 casus
2172 2755 2258 2828 ad
2273 2754 2614 2831 cerebrum
2630 2757 2823 2860 usque
2887 2787 2992 2832 er-

581 2866 836 2959 tingens
873 2855 1120 2958 spiritus
1154 2858 1463 2929 animales
1490 2864 1556 2929 in
1581 2884 1819 2930 nervos
1841 2861 2048 2929 mittit
2066 2909 2090 2942 ‚
2125 2882 2211 2929 eo
2244 2854 2456 2928 modo
2473 2883 2612 2956 quo
2630 2788 2884 2935 naenig
2897 2861 2990 2934 est

584 2953 758 3033 hunc
779 2982 1045 3030 motum
1067 2954 1171 3029 vel
1190 2978 1413 3027 mente
1433 2961 1635 3029 invita
1653 2966 1723 3029 ὃ(
1744 2982 1853 3030 tan
1906 2962 2142 3032 namin
2152 2956 2451 3051 maehina
2467 2957 2992 3057 producendum.

616 3080 617 3083 ’
680 3084 773 3151 49
784 3083 853 3128 o.
894 3060 986 3128 Er
1004 3055 1317 3154 quoniam
1336 3052 1472 3125 hae:
1485 3060 1554 3124 in
1571 3054 1766 3128 nobis
1786 3063 1853 3155 ip
1881 3083 1931 3130 is
1949 3064 2342 3158 experimur,
2372 3082 2516 3129 non
2531 3060 2622 3131 est
2641 3043 2826 3160 §uod
2845 3085 2998 3133 tan-

585 3181 820 3257 topere
859 3162 1168 3226 miremur
1192 3207 1214 3239 ,
1249 3150 1297 3224 fi
1329 3151 1551 3225 lumen
1586 3156 1624 3227 ἐ
1663 3156 1804 3255 lupi
1849 3181 2130 3254 corpore
2167 3162 2236 3230 in
2270 3162 2411 3232 ovis
2431 3157 2670 3233 oculos
2684 3163 2998 3235 reflexum

589 3253 871 3328 eandem
890 3259 1034 3326 *vim
1068 3251 1309 3335 habeat
1340 3251 1426 3327 ad
1453 3278 1724 3330 motum
1741 3252 1917 3360 fugae
1931 3262 1999 3331 in
2019 3254 2152 3359 ipsa
2170 3259 2607 3334 excitandum.
2656 3272 2883 3362 Atque
2900 3267 2996 3334 ita

592 3357 674 3430 de
697 3346 867 3430 aliis(

1111 3505 1200 3593 X
1216 3508 1302 3595 X
1319 3513 1356 3597 1
1373 3512 1433 3595 1.
1493 3502 1851 3596 Animam
1870 3515 2163 3598 rationis
2184 3541 2472 3626 expers.

682 3677 850 3746 491.
895 3656 1005 3729 sic
1040 3674 1309 3754 apparet
1330 3700 1363 3733 >
1385 3656 1749 3756 quomodo
1782 3658 2128 3732 best-iarum
2158 3664 2449 3733 afflones
2464 3688 2582 3762 per
2602 3661 2805 3735 solam
2824 3659 3004 3764 spiri-
3087 3691 3091 3694 ⁴

516 3851 525 3859 ‚
594 3771 781 3821 tuum
798 3757 931 3824 vim
952 3761 1021 3825 &
1038 3751 1494 3833 membrorum
1512 3754 2127 3833 conformationem
2146 3761 2447 3862 explicari
2465 3759 2735 3862 poffint.

686 3873 855 3944 492.
901 3848 1036 3923 Sed
1069 3850 1285 3925 obstat
1312 3853 1465 3931 huic
1481 3855 1807 3934 sententia
1826 3865 2104 3933 ineuntis
2119 3868 2320 3941 aetaris
2341 3860 2759 3963 praejudicata
2777 3871 2847 3939 δε
2866 3861 3006 3937 val.-

444 4007 493 4035 χ,
597 3946 681 4023 de
700 3962 772 4023 m
791 3947 988 4023 nobis
1006 3949 1291 4026 radicata
1308 3961 1539 4057 opinio
1554 4008 1580 4045 ,
1615 3964 1686 4033 in
1704 3986 1789 4035 eo
1807 3957 2149 4048 coufistens
2163 4014 2198 4049 ‚.
2214 3962 2400 4060 quod

2688 4083 2863 4157 493·
2886 4063 3008 4141 Vi-
