3391 4418
1001 113 1070 200 P
1130 141 1196 201 Η
1256 142 1312 200 Y
1376 138 1412 199 s
1461 142 1506 202 '1
1569 139 1626 202 e
1684 136 1744 198 A
1857 112 2239 211 XVIII.
2688 154 2834 237 173

496 257 605 324 32.
657 226 933 330 Triplici
969 232 1071 303 via
1095 236 1162 301 in
1180 233 1312 301 Dei
1335 234 1642 303 notitiam
1658 229 2118 303 ratiocinando
2135 236 2461 333 perveniri
2480 232 2682 342 vulgo
2708 265 2839 319 tra.

393 330 608 404 ditus:
637 338 738 405 via
749 330 1092 427 causalitatia
1114 383 1137 416 ‚
1173 356 1304 429 qua
1322 330 1359 404 ὲ
1377 325 1575 425 causis
1593 326 1889 404 secundis
1910 329 1995 403 ad
2012 330 2217 433 ipsum
2240 386 2263 421 ‚
2284 360 2356 408 ut
2369 340 2650 437 primam
2666 393 2690 427 ,
2716 341 2835 414 ad-

382 431 752 505 'scendimus
777 459 793 503 ε
826 432 1125 502 eminentia
1147 483 1169 517 ‚
1206 456 1337 528 qua
1378 456 1577 503 omne
1600 432 1789 531 quod
1808 434 1899 504 est
1914 430 2418 533 perfestionisin
2440 434 2633 512 rebus
2652 466 2834 516 crea-

393 539 472 603 tis
491 529 604 633 ipfi
637 531 834 630 longe
853 529 1244 603 eminentius
1269 538 1619 604 convenite
1639 531 2013 607 statuimus:
2049 541 2358 627 negationis
2382 587 2403 616 ,
2439 565 2564 637 qua
2584 536 2667 611 ab
2689 539 2828 643 ipso

386 658 801 705 removemus
816 628 1139 731 quidquid
1156 628 1676 731 imperfeffionis
1692 638 1760 704 in
1778 634 2109 732 Creaturis
2131 633 2706 736 deprehendimus.
2742 647 2826 717 Et
2909 659 2913 664 ’

384 733 561 805 certe
593 730 841 806 nullum
866 731 955 801 est
989 729 1300 825 dubium,
1341 738 1500 832 quin
1537 737 1794 813 omnis,
1834 751 1980 833 quae
2010 740 2079 804 in
2113 734 2251 809 aliis
2273 735 2821 818 rebusinvenitur

376 828 699 934 perfeffio
720 887 743 919 ,
775 836 932 903 Deo
947 827 1022 903 fit
1043 829 1580 905 excellentiffimo
1600 834 1814 907 modo
1832 831 2180 908 tribuenda
2195 888 2217 915 ,
2259 844 2328 910 &
2345 840 2574 913 c'ontrzi
2592 850 2821 919 omnis

372 930 790 1034 imperfectio
825 929 1191 1030 longissime
1224 932 1307 1001 ab
1348 957 1432 1001 eo
1472 932 1913 1018 removenda,
1948 934 2106 1017 'cum
2146 934 2276 1036 ipse
2306 934 2382 1009 fit
2404 942 2531 1012 Ens
2561 938 2812 1018 summe

368 1031 736 1138 perfeetum
760 1082 782 1117 ,
815 1054 953 1124 quo
978 1037 1183 1126 majus
1208 1055 1283 1127 ap
1304 1029 1532 1102 melius
1555 1037 1829 1132 cogitari
1849 1032 2008 1105 nihil
2021 1035 2262 1132 potest.

473 1165 499 1228 3
519 1162 580 1231 3,
634 1136 926 1208 Utamur
939 1131 1132 1227 igitur
1144 1124 1444 1199 familiari
1460 1133 1522 1198 T
1527 1126 1828 1231 heologis
1846 1142 1919 1205 δε
1935 1130 2348 1233 Philosophis
2363 1132 2822 1231 similitudine,

372 1247 443 1312 &
480 1230 730 1308 Mundi
753 1223 1063 1324 opificem
1080 1253 1233 1298 cum
1253 1225 1499 1319 artifice
1516 1226 1745 1325 aliquo
1766 1231 1995 1331 insigni
2015 1230 2456 1305 conseramus·
2510 1242 2760 1333 Qro
2778 1285 2803 1323 ,

371 1335 595 1410 umam
624 1328 875 1421 judices
905 1322 991 1396 ad
1021 1321 1503 1423 perfeostionem
1535 1326 1795 1396 artificis
1810 1335 2131 1423 pertinere
2152 1381 2173 1413 ‚
2217 1355 2290 1403 ut
2317 1358 2482 1430 opus
2505 1332 2701 1406 semel
2720 1335 2818 1410 fa-

372 1440 554 1506 &um
584 1436 653 1500 δε
685 1421 1096 1511 absolutum,
1130 1424 1361 1525 postea
1391 1419 1615 1520 saepius
1644 1446 1854 1493 mutet
1877 1475 1905 1506 ,
1929 1424 2140 1497 modb
2168 1427 2412 1526 aliquid
2436 1431 2751 1508 addendo
2773 1492 2796 1522 ,

371 1528 584 1602 modo
602 1523 946 1612 tollendo·,
980 1551 1063 1605 an
1080 1523 1305 1625 potius
1322 1567 1343 1599 2
1377 1544 1448 1593 ut
1468 1519 1595 1593 tale
1619 1518 1780 1595 illud
1802 1516 2028 1603 fecerit
2047 1575 2068 1608 ‚
2086 1521 2248 1597 nihil
2263 1532 2332 1601 in
2354 1557 2438 1602 eo
2459 1540 2529 1603 ut
2555 1555 2813 1608 mutan-

375 1627 537 1702 dum
556 1680 576 1714 ,
613 1624 774 1699 nihil
791 1647 859 1696 ut
875 1623 1256 1696 addendum
1278 1626 1338 1694 ei
1353 1646 1465 1697 aut
1482 1617 1962 1699 detrahendum
1982 1648 2272 1726 unquam
2305 1627 2379 1703 fit
2406 1648 2427 1702 ξ

469 1753 572 1827 34.
624 1721 1082 1826 Respondebis
1103 1771 1128 1803 ‚
1167 1730 1445 1824 opinor,
1477 1723 1960 1824 perfectionem
1999 1728 2266 1801 artificis
2288 1756 2473 1814 exso
2498 1732 2755 1808 elucere
2774 1789 2798 1824 ,

363 1828 560 1929 quod
578 1826 702 1921 tale
725 1851 893 1927 opus
906 1820 1240 1898 fabric-‘itit
1261 1878 1281 1911 ,
1303 1830 1407 1898 cui
1426 1823 1584 1898 nihil
1603 1824 1759 1898 addi
1782 1880 1803 1913 ,
1825 1824 1985 1898 nihil
2007 1825 2185 1899 demi
2209 1828 2423 1929 poffit.
2483 1835 2608 1905 His
2627 1841 2803 1909 enim

354 1927 579 2004 verbis
600 1924 957 2002 describere
978 1925 1257 1998 solemus
1279 1924 1348 1997 id
1368 1924 1556 2095 {uod
1565 1925 1882 2021 perfec'tum
1909 1926 2336 2028 appellamus.
2388 1933 2479 2004 Et
2497 1934 2803 2033 nunquid

354 2055 563 2130 opera
584 2083 614 2117 „
647 2054 793 2127 quae
811 2027 962 2100 stite
982 2023 1359 2124 affabreque
1410 2022 1745 2114 atita-sunt,
1762 2024 1900 2127 hoc
1916 2033 2189 2101 nomine
2209 2031 2793 2113 commendantur,

333 2131 545 2230 quod
584 2128 750 2201 nihil
774 2128 904 2201 illis
937 2125 1190 2200 detrahi
1221 2149 1330 2200 aut
1358 2125 1516 2199 addi
1536 2126 1779 2230 poffit?
1818 2152 1889 2200 ut
1926 2126 2096 2201 bene
2135 2131 2518 2205 Aristoteles
2546 2187 2569 2219 ,
2598 2162 2633 2208 2
2665 2139 2799 2207 Eth.

333 2251 460 2324 cap·
493 2256 557 2325 5.
609 2238 697 2304 At
714 2256 881 2328 opus
905 2231 1031 2302 tale
1051 2227 1419 2331 producere
1449 2281 1475 2314 ‚
1503 2234 1614 2300 cui
1629 2226 1902 2302 subinde
1921 2230 2026 2302 vel
2047 2231 2430 2307 addendum
2453 2232 2557 2307 vel
2572 2230 2793 2306 detra-

333 2326 645 2401 hendum
676 2328 754 2401 fit
782 2329 1036 2426 aliquid
1052 2383 1082 2414 ff
1100 2325 1298 2402 idvel
1313 2331 1554 2401 virium
1570 2380 1593 2413 ‚
1633 2327 1739 2400 vel
1762 2324 2084 2429 sapientie
2110 2337 2179 2403 &
2193 2335 2568 2404 constantiae
2592 2329 2781 2405 defe-

335 2430 541 2499 ἂνω
556 2432 623 2496 in
645 2428 890 2497 artifice
907 2428 1246 2501 ostendere
1263 2431 1410 2523 quis
1430 2451 1568 2497 non
1586 2426 1769 2509 videt
1790 2431 1820 2497 ἓ.

437 2554 472 2620 3
491 2547 567 2619 5.
622 2520 1110 2604 Transferamus
1147 2522 1283 2595 haec
1317 2522 1402 2595 ad
1426 2530 1651 2597 Deum
1668 2573 1690 2607 ‚
1729 2530 2109 2599 cun&arum
2133 2523 2348 2598 rerum
2371 2529 2685 2627 opificem
2711 2537 2784 2602 δὲ

316 2622 578 2710 mundi
600 2622 1029 2706 architestum
1053 2618 1574 2721 potentissimum
1590 2676 1613 2708 ,
1644 2621 1998 2723 sapientem
2020 2629 2256 2721 pariter
2276 2633 2350 2695 δί
2369 2626 2779 2708 constantem

319 2725 647 2800 maxime.
699 2721 1046 2820 anam
1075 2719 1171 2791 his
1196 2724 1219 2790 i
1270 2716 1345 2790 fis
1369 2728 1504 2816 ejus
1571 2717 2038 2793 effectionibus
2055 2719 2347 2794 dicemus
2368 2721 2491 2794 esse
2507 2721 2785 2794 consen-

313 2840 651 2902 taneum?
685 2825 935 2921 Utique
968 2818 1177 2892 affirm
1268 2825 1474 2905 imus,
1533 2823 1831 2921 apientiae
1869 2829 1938 2895 &
1965 2820 2341 2895 constantiae
2360 2821 2596 2897 divinae
2613 2850 2781 2896 con-

308 2925 839 3028 templationem
869 2919 1193 3020 postulare
1214 2964 1236 2998 ‚
1265 2940 1337 2991 ut
1377 2915 1627 3022 semper
1659 2923 1938 2994 eandem
1974 2946 2198 2994 motus
2233 2927 2671 3020 quantitatem
2697 2929 2769 2996 in

305 3054 543 3104 rerum
565 3018 866 3096 universo
884 3020 1074 3093 abeo
1088 3017 1257 3092 effici
1279 3017 1673 3117 judicemus:
1711 3048 1794 3094 ne
1811 3076 1833 3109 ,
1870 3020 1919 3094 fi
1936 3049 2070 3094 uno
2096 3046 2398 3122 tempore
2418 3022 2566 3124 plus
2582 3079 2602 3112 ,
2621 3025 2768 3113 ¹alio

304 3134 541 3207 minus
583 3119 937 3210 inmundo
959 3145 1178 3193 motus
1193 3145 1409 3191 creare
1429 3129 1501 3194 &
1521 3119 1896 3195 conservare
1911 3176 1935 3209 ‚
1974 3126 2163 3224 operi
2185 3118 2297 3195 suo
2323 3139 2498 3196 nunc
2512 3123 2773 3196 adden-'-

303 3255 470 3305 [ειη.
494 3222 750 3323 aliquid
775 3275 798 3307 ‚
824 3215 1008 3294 'nunc
1039 3218 1490 3293 detrahentem
1515 3276 1537 3310 ‚
1568 3213 1804 3294 Deuni
1834 3220 2223 3293 arbitremur
2243 3268 2263 3302 ‚
2303 3248 2415 3295 aut
2453 3232 2800 3328 omnipo-‚

303 3335 544 3407 tentiae
559 3379 595 3412 ,,
618 3348 735 3396 aut
753 3318 1074 3422 sapientia:
1101 3329 1166 3394 δι
1189 3322 1561 3395 constantia:
1576 3319 2051 3421 perfestiffimae
2070 3320 2331 3394 laudem
2348 3313 2406 3396 ei
2425 3325 2765 3422 videamur

303 3433 685 3531 derogare.
1146 3524 1150 3528 p

301 3585 304 3588 -
408 3543 525 3633 36.
578 3519 722 3601 Sed
763 3518 1089 3594 obtendes
1109 3570 1129 3606 ,
1165 3527 1390 3593 Deum
1432 3517 1553 3594 esse
1581 3546 1784 3622 agens
1813 3518 2221 3597 liberrimum
2240 3578 2262 3612 ‚
2316 3527 2429 3622 qui
2454 3542 2526 3595 ut
2545 3525 2775 3600 modo.

292 3638 522 3740 Plures
540 3684 566 3717 ‚
599 3618 827 3698 modo
847 3629 1189 3720 pauciores
1210 3626 1274 3693 in
1294 3619 1458 3694 orbe
1483 3619 1791 3696 homines
1810 3617 1962 3708 facit
1982 3625 2240 3696 existere
2257 3674 2275 3702 ,
2311 3629 2466 3694 dum
2482 3617 2764 3723 gaudet3

290 3764 365 3813 ut
383 3734 659 3811 videtur
672 3778 695 3811 ,
721 3724 1038 3794 varietate
1057 3746 1302 3809 rerum,
1321 3744 1390 3793 ut
1408 3718 1829 3795 suam‘ereatis
1849 3720 2180 3808 mentibus
2197 3722 2280 3794 eo
2296 3721 2530 3795 clarius
2546 3728 2764 3806 osten?

283 3838 402 3915 dat
438 3858 593 3913 tum
637 3824 1031 3925 sapientiam
1055 3864 1074 3902 ,-
1107 3844 1249 3894 tum
1280 3828 1693 3921 ἀδιαφορίαν·
1734 3826 1825 3892 ita
1848 3822 2011 3895 nihil
2043 3827 2327 3899 omnino
2355 3847 2757 3925 repugnare,

283 3951 422 4046 quo
452 3923 688 4014 minus
728 3919 937 4029 poffit
973 3936 1200 3997 motus
1232 3925 1305 3994 in
1340 3942 1493 3995 toto
1529 3920 1789 3996 mundo
1824 3931 2260 4021 quantitatem
2299 3949 2424 4024 pro
2455 3921 2755 3996 *arbitrio

1714 4026 1777 4095 Y
1828 4046 1860 4121 3
2149 4043 2155 4048 ·
2384 4039 2389 4046 “
2583 4034 2767 4090 nunc
