3391 4418
2197 50 2238 59 a..

713 229 716 232 .
996 154 2172 245 Con-rnacr-A.
2693 198 2785 280 55

367 292 631 346 veretur
648 322 671 369 2
702 265 750 340 fi
769 272 837 339 in
856 291 1019 341 nave
1044 265 1503 343 obambularet
1518 322 1541 358 ,
1580 266 1841 362 honest,
1859 267 1947 344 ab
1962 268 2091 345 alia
2106 278 2293 353 navis
2298 296 2486 380 parte
2499 274 2585 352 ad
2604 277 2799 361 aliam

375 369 739 446 accederet.
796 364 1055 467 Confer
1085 372 1148 448 §.
1168 396 1206 459 ,²
1224 397 1333 469 37.
1957 444 1962 448 .
2083 418 2086 423 ·

462 494 550 570 73
567 482 632 540 6.
687 467 1067 573 Qomodo
1097 472 1254 546 vero
1272 475 1494 545 Terrae
1507 494 1738 547 vortex
1751 469 1940 547 fimul
1957 480 2300 580 proprium
2335 476 2645 578 quotidie
2664 508 2783 587 gy-

370 596 513 644 rum
538 566 749 644 fac'ere
767 622 790 661 ‚
829 569 1016 644 fimul
1037 597 1213 645 anno
1246 575 1508 676 integro
1539 599 1971 649 communem
2008 583 2182 653 circa
2198 576 2426 651 Solem
2455 580 2776 659 circulum

363 696 700 774 peragrare
733 673 930 772 poffit
948 726 970 759 ,
994 668 1187 747 facile
1210 673 1633 778 intelligimus
1649 674 1954 779 exemplo
1976 680 2240 754 vorticis
2273 703 2457 778 aquae
2477 690 2775 773 tuabi-is,

359 778 436 847 in
466 798 601 871 quo
635 769 989 872 aliquando
1027 779 1246 847 minor
1272 799 1500 849 vortex
1525 781 1834 857 cernitur·
1881 782 1988 852 Sic
2018 776 2238 882 potest
2268 778 2467 853 turbo
2497 786 2509 798 '
2608 785 2777 860 stens

356 872 589 1047 palmae
607 878 777 947 circa
792 877 1136 975 proprium
1158 881 1455 949 converti
1491 899 1793 953 centrum
1819 880 2216 983 interimque
2257 877 2296 953 a
2322 904 2431 953 me
2473 888 2641 957 circa
2666 910 2772 959 ar·
2895 923 2905 929 .

355 982 361 988 ’
413 999 624 1063 orem,
647 1001 721 1050 ut
745 1002 1102 1049 commune
1123 1002 1447 1056 centrum,
1474 974 1739 1054 deferri.
1846 975 1918 983 ‘⁹

296 1106 305 1114 ·
443 1098 609 1175 737.
656 1074 960 1177 Insuper,
991 1083 1142 1174 quia
1173 1076 1291 1150 Sol
1320 1085 1536 1151 oriens
1561 1078 1666 1154 vel
1693 1075 2007 1156 occidens
2093 1084 2288 1182 ropin
2339 1079 2720 1156 nior-Tetra
2740 1133 2767 1177 ,

351 1167 463 1250 sed
485 1182 812 1250 remotior
836 1174 874 1247 a
891 1175 1082 1250 nobis
1103 1173 1232 1248 effe
1246 1175 1497 1252 videtur
1512 1223 1538 1258 ,
1588 1179 1791 1278 quam
1812 1180 1968 1255 ciun
1994 1208 2029 1254 e
2108 1185 2176 1253 in
2194 1186 2328 1259 Coe
2360 1184 2372 1198 '
2395 1176 2626 1251 medio
2648 1232 2673 1264 ,

442 1280 613 1373 738.
654 1274 921 1378 (Qd
968 1279 1219 1346 medium
1259 1278 1347 1342 ita
1387 1299 1659 1348 vocatur
1694 1328 1720 1362 ‚
1776 1282 1934 1372 quia
1966 1277 2241 1350 Coelum
2273 1275 2470 1346 instar
2506 1273 2774 1357 fornicis

350 1378 766 1471 concipimus
789 1424 811 1456 ,
845 1379 1030 1467 cujus
1044 1373 1474 1444 extremitates
1499 1370 1593 1444 ibi
1610 1370 1769 1456 fint,
1786 1370 1990 1445 ubi&
2010 1373 2172 1446 fines
2191 1376 2411 1444 Terrae
2422 1371 2545 1446 effe
2571 1370 2656 1447 ab
2670 1378 2771 1449 in-

354 1468 562 1543 fantia
593 1469 1051 1563 judicavimus.
1108 1465 1365 1543 Confer
1406 1472 1469 1546 §-
1488 1473 1603 1548 8.)
2831 1548 2845 1559 θ

456 1594 503 1665 7
519 1597 546 1661 3
563 1595 627 1657 9.
674 1568 846 1641 Ideo
866 1572 1070 1640 etiam
1081 1565 1199 1641 Sol
1219 1570 1435 1641 oriens
1449 1567 1554 1643 vel
1571 1562 1881 1641 occidens
1896 1562 2111 1661 major
2126 1560 2246 1640 effi:
2255 1590 2545 1674 putatur,
2561 1567 2767 1671 quam

362 1667 807 1741 meridianus:

454 1768 622 1863 740.
679 1760 1405 1870 Qa‘magnirudinem
1435 1769 1736 1867 corporis
1753 1752 2135 1840 aestimamus
2160 1768 2199 1841 ὲ
2231 1768 2565 1859 distantia,
2595 1768 2769 1843 hanc

346 1876 506 1941 vero
524 1895 644 1970 per
667 1875 1231 1967 comparationem
1250 1892 1398 1941 cum
1425 1865 1560 1944 aliis
1580 1866 1973 1970 corporibus
1987 1869 2388 1943 intermediis
2413 1866 2760 1972 cognosci·
2851 1906 2866 1921 κ

342 1992 515 2041 mus.

444 2092 613 2164 741.
660 2063 1060 2164 Cujufinodi
1096 2092 1379 2168 corpora
1398 2065 1481 2140 ab
1508 2064 1863 2141 horizonte
1891 2063 2088 2166 usque
2109 2064 2198 2155 ad
2235 2065 2474 2143 oculos
2498 2065 2757 2143 nostros

340 2172 512 2241 varia
530 2171 597 2239 in
615 2175 798 2246 tertis
816 2190 1174 2245 occurrunt
1191 2226 1211 2256 ,
1250 2174 1564 2242 nonitem
1578 2170 1649 2242 in
1669 2165 1857 2244 coelis
1874 2171 2048 2241 inter
2068 2165 2514 2244 meridianum
2527 2166 2756 2244 Solem

344 2274 414 2341 δε
435 2295 579 2342 nos.
2365 2312 2370 2316 -
2546 2308 2550 2312 ·

438 2393 605 2465 74²·
658 2367 910 2467 (Ipsum
942 2374 1188 2468 quippe
1229 2367 1502 2441 Coelum
1530 2370 1602 2439 δε
1629 2367 1874 2441 Αὲεειῃ
1894 2365 1979 2439 ab
1998 2370 2262 2442 ineunte
2278 2390 2468 2442 :etate
2481 2390 2622 2439 non
2640 2362 2763 2436 ha·-

341 2463 610 2538 buimus
641 2492 765 2565 pro
798 2489 1060 2559 corpore,
1098 2471 1163 2544 §-
1185 2473 1249 2537 8.
1288 2492 1443 2538 cum
1456 2462 1715 2540 visibilis
1731 2465 2257 2567 aliquamateriae
2271 2465 2468 2540 massa
2489 2518 2515 2571 ².
2543 2462 2758 2536 lucida

344 2565 452 2638 vel
472 2590 706 2667 opaca,
729 2589 869 2635 non
888 2562 1019 2642 fir.)
2233 2651 2236 2654 Δ

439 2691 572 2761 743
589 2712 608 2733 .
665 2661 909 2734 Adhaec
925 2661 1078 2731 cum
1095 2656 1210 2730 Sol
1228 2652 1443 2725 multo
1457 2656 1534 2729 fit
1548 2665 1765 2753 major
1774 2656 2061 2758 Lunfi.§.
2079 2681 2173 2752 43
2191 2683 2258 2744 9.
2307 2667 2340 2747 (
2361 2664 2560 2729 Secus
2579 2662 2756 2727 enim

200 2835 205 2838 .
335 2764 575 2837 Lunai
591 2766 794 2835 Terra
820 2757 1110 2861 primum
1141 2809 1162 2845 ,
1195 2749 1435 2827 deinde
1463 2780 1617 2828 cum
1637 2757 1849 2827 Terra
1867 2753 1906 2828 ai
1933 2760 2085 2830 Sole
2106 2752 2408 2857 absorpta
2424 2778 2567 2826 non
2583 2752 2758 2829 effer.

338 3062 801 3262 megia-§51:13
813 3111 1081 3256 ‘semper
1107 3152 1377 3227 dimidia
1398 3153 1595 3226 Lunae
1608 3177 1793 3257 parte
1812 3151 2241 3226 illuminatur.

433 3276 602 3362 746.
653 3269 749 3333 At
762 3263 1096 3358 nunquam
1114 3279 1256 3329 tota
1272 3254 1606 3349 (directed
1623 3255 1818 3338 Sole)
1851 3253 2279 3326 illuminatur.

418 3373 594 3464 747.
647 3368 725 3438 Et
740 3384 1071 3459 nunquam
1090 3356 1301 3430 minus
1318 3354 1723 3430 illuminatur
1737 3406 1760 3441 ‚
1804 3351 2015 3451 quam
2026 3355 2190 3447 plena
2212 3351 2367 3425 cum
2389 3349 2652 3425 dicitur.

429 3471 594 3566 748.
639 3464 1006 3561 Nunquam
1025 3457 1265 3560 magis,
1299 3456 1499 3555 quam
1530 3454 1685 3540 cuni
1708 3473 1856 3525 nova
1889 3476 2181 3527 vocatur.

429 3592 592 3666 749.
643 3562 955 3664 ·Qando
982 3567 1155 3632 enim
1187 3557 1379 3657 plena
1410 3555 1500 3626 est
1522 3606 1544 3638 ,
1583 3575 1712 3625 una
1731 3548 1941 3624 solum
1959 3561 2096 3670 ejus
2119 3550 2314 3669 facies
2338 3547 2533 3667 nobis
2557 3591 2580 3624 ‚
2616 3543 2745 3618 ob-

333 3666 514 3740 versa
552 3667 801 3740 lumine
834 3660 1002 3735 Solis
1029 3659 1372 3733 illustratur
1410 3706 1435 3743 ‚
1468 3652 1688 3727 altera
1747 3651 2122 3726 denfiffimts
2168 3650 2527 3726 involvitur
2559 3668 2746 3719 tene-

340 3764 597 3966 [mg-50·
628 3867 738 3936 ·At
758 3860 1027 3964 quando
1044 3882 1219 3932 nova
1234 3825 1350 3944 est,
1375 3879 1517 3929 tota
1538 3850 2047 3930 Luna-illustrata
2064 3849 2153 3922 est
2170 3904 2191 3936 ,
2223 3846 2581 3925 secundum
2599 3869 2752 3946 par-

330 3985 468 4043 tem
482 3967 680 4045 nobis
698 3961 1086 4074 obversam&
1103 3951 1704 4046 Terrassecundum
1727 3976 1982 4059 partem
2010 3949 2295 4031 aversam
2318 3947 2354 4019 a
2381 3945 2560 4142 870513.
2620 4043 2748 4106 Ita·
