3391 4418
612 147 786 262 4'66
1101 118 2585 230 0:301r1201st11sxri-Annumx

716 243 864 332 XX
882 262 947 335 X
962 259 1034 326 11
1054 258 1105 327 1.
1152 243 1451 334 Tametsi
1487 247 1645 317 vero
1685 265 1911 315 motus
1928 260 2145 309 rerum
2162 234 2419 308 tantum
2442 252 2924 335 corporearum
2942 249 3044 322 vel

620 356 876 433 tantilla
895 359 1117 454 quiete
1137 343 1511 448 interposita
1530 348 1877 417 continuus
1898 334 2021 410 esse
2045 329 2293 407 definat
2308 386 2331 421 ,
2362 341 2495 408 vita
2513 359 2734 409 tamen
2751 340 3050 425 hominis
3082 346 3085 347 ⁷

615 450 855 531 eadem
890 453 1256 553 judicatur,
1287 447 1442 520 licet
1475 444 1614 536 ejus
1652 447 1834 516 acl-,us
1865 436 2047 510 brevi
2085 439 2402 533 temporis
2433 436 2782 513 intervallo
2796 471 2919 545 pet
2936 474 3051 521 ec.

625 555 810 631 stafin
832 554 1184 629 similemve
1214 545 1463 621 causam
1482 548 1827 640 interrupti
1846 535 2084 610 ceffent
2104 559 2513 609 concurretea

724 659 866 731 XX
881 664 945 729 X
961 660 986 724 1
1004 662 1086 727 V.
1136 654 1449 747 Denique
1469 650 1761 744 optimus
1786 662 2002 713 rerum
2041 630 2287 734 Opifex-
2310 658 2453 706 tam:
2466 632 2690 715 stabile
2712 637 2871 716 fecit
2903 670 3058 722 cor.

631 763 816 857 poris
836 759 1163 851 animique
1190 751 1569 847 conjugium
1588 798 1610 828 ,
1643 768 1720 815 ut
1735 738 1872 840 quo
1894 741 2109 809 minus
2125 757 2515 835 perpetuum
2536 737 2639 811 vel
2661 738 3055 826 diuturnum

628 856 744 947 fit,
778 851 906 928 sola
927 852 1120 949 ipsius
1148 848 1430 919 hominis
1450 849 1814 944 ignorantia
1834 883 1860 917 2
1889 836 2285 937 negligentia
2307 858 2422 906 aut
2441 833 2686 909 malitia
2707 840 2947 920 obstet.

735 984 800 1029 2.
825 956 1016 1025 .Haec
1038 948 1191 1023 *sunt
1224 942 1606 1021 admiranda
1634 941 2121 1039 conjuntstionis
2150 933 2324 1005 illius
2343 986 2365 1018 ,
2399 954 2530 1032 qua
2547 940 3045 1020 menshumana

630 1057 902 1155 corpori
927 1055 1206 1124 nectitur
1227 1049 1563 1146 organico,
1584 1069 1726 1142 quae
1743 1043 1979 1140 partim
2003 1032 2272 1135 quidem
2286 1059 2431 1105 eam
2452 1038 2870 1125 constituunt,
2890 1072 3047 1147 pat-

627 1160 753 1229 tim
784 1151 1296 1252 consequuntur:
1328 1141 1566 1245 quibus
1604 1142 1820 1243 plures
1852 1139 1995 1210 aliae
2023 1138 2460 1235 proprietates
2479 1134 2644 1208 addi
2701 1142 2934 1231 offent,
2969 1174 3048 1225 ur

631 1254 754 1328 illae
776 1260 869 1327 ex.
903 1280 1001 1355 gr.
1036 1246 1401 1321 diffimilem
1437 1241 1591 1314 huic
1613 1247 1807 1313 nexui
1823 1233 1946 1311 effe
1966 1260 2364 1336 corporum,
2396 1231 2634 1337 dislim'
2665 1267 2771 1315 em
2789 1251 3046 1321 animo-

630 1381 779 1429 tum
800 1362 969 1426 inter
985 1350 1043 1422 se
1066 1351 1608 1447 conjunctionem
1627 1375 1646 1429 3
1685 1337 2059 1413 diffimilem
2076 1334 2461 1435 angelicum
2482 1360 2764 1435 corpore
2781 1397 2806 1430 ,
2837 1370 3053 1424 nauta

630 1481 783 1528 cum
824 1459 1011 1531 navi,
1044 1448 1427 1522 facultatum
1462 1469 1614 1516 cum
1649 1438 1930 1539 objeekis
1964 1438 2473 1508 connexionem.
2539 1441 2790 1516 verum
2818 1444 3057 1524 iflas&

627 1556 784 1627 alias
820 1578 1055 1633 omnes
1080 1554 1147 1624 in
1164 1543 1598 1650 superioribus
1615 1543 1937 1614 contineri
1957 1534 2117 1609 mihi
2137 1533 2520 1635 persuadeo.
2724 1549 2735 1557 “

671 1684 677 1689 ·
734 1684 798 1757 3.
850 1653 1075 1726 Nobis
1110 1656 1177 1722 in
1212 1645 1540 1751 praesentia
1575 1642 1718 1714 satis
1746 1636 1873 1712 fuit
1904 1661 2007 1710 tot
2046 1635 2326 1708 numero
2362 1642 2857 1734 conjunctionis
2881 1644 3054 1723 illius

630 1762 1067 1859 proprietates
1093 1744 1428 1843 distinxisse
1444 1799 1467 1834 ,
1503 1767 1675 1842 quot
1707 1741 2042 1842 Magnetis
2057 1742 2489 1837 proprietates
2515 1741 3055 1846 Princippsparte

629 1856 863 1955 quarta
894 1848 1446 1951 Philosophorum
1481 1851 1783 1944 princeps
1801 1860 2136 1921 enumerat
2155 1881 2180 1916 2
2214 1861 2490 1935 quarum
2514 1836 2599 1910 a'b
2621 1839 2761 1913 aliis
2781 1849 3048 1922 curios&

626 1954 1113 2028 observant-um
1163 1950 1380 2043 ⁴causas
1416 1943 1544 2039 ipse
1583 1939 1762 2012 solus
1807 1949 1878 2014 &
1912 1943 2163 2038 primus
2196 1936 2462 2009 detexit.
2556 1936 2861 2030 Ejusdem
2912 1973 3046 2048 ego

624 2055 998 2155 principiis,
1033 2074 1103 2121 ut
1134 2046 1276 2117 face
1305 2044 1432 2114 late
1454 2040 1747 2140 fulgente
1766 2083 1786 2118 ,
1820 2045 1992 2112 viam
2014 2034 2502 2115 ostendentibus
2529 2063 2733 2111 raram
2762 2040 2940 2118 hane
2967 2057 3050 2121 &

625 2150 996 2255 praeclaram
1014 2148 1098 2221 de
1119 2146 1417 2243 corporis
1439 2149 1509 2213 &
1528 2144 1730 2212 animi
1750 2142 2219 2236 conjunffione
2241 2140 2569 2209 materiam
2586 2137 2897 2214 curiosius
2921 2168 3047 2217 ex-

626 2254 915 2324 aminare
945 2240 1318 2349 pleniusque
1354 2238 1713 2314 describere
1747 2263 2024 2313 conatus
2058 2235 2228 2311 sum:
2265 2262 2434 2336 quos
2466 2235 2745 2336 quidem„
2765 2264 3066 2319 conatus„

626 2342 1402 2454 prudentiorumjudiciis
1422 2341 1650 2417 lubens
1668 2347 2043 2440 meritoque
2062 2336 2416 2413 submitto.

1263 2573 1373 2659 ssc
1429 2516 1486 2653 i
1546 2599 1617 2654 ι».
1737 2565 2307 2653 Lxxv111.

815 2751 906 2821 In
928 2746 1205 2840 Mente?
1227 2734 1318 2830 ά
1336 2746 1639 2848 corporis
1657 2736 2150 2847 conjunbi'ione
2167 2785 2197 2832 ,·
2213 2744 2456 2848 partis
2474 2730 2856 2849 utriusque

980 2846 1484 2962 fient't'ionibus
1503 2909 1523 2940 ,
1565 2845 1909 2959 quibusse
1930 2856 2250 2931 invicem
2264 2849 2594 2962 efficiunt
2616 2901 2643 2947 ,

1313 2960 1509 3046 nihil
1516 2962 1866 3074 effiprius
1884 2963 2363 3076 quarendum.

632 3168 694 3219 ι.
722 3145 916 3309 N
939 3139 1056 3213 On
1091 3138 1331 3211 dubito
1363 3163 1584 3211 autem
1619 3135 1762 3209 sore
1783 3134 2123 3239 plerosque
2141 3191 2163 3224 ,
2186 3142 2298 3236 qui
2315 3139 2497 3209 aQus
2522 3141 2695 3207 inter
2712 3158 2952 3236 corpus
2967 3143 3040 3207 δῖε

663 3307 668 3312 .
937 3246 1222 3312 animam
1244 3241 1531 3311 nostram
1550 3238 2034 3312 intercedentes
2053 3235 2243 3310 facile
2262 3234 2532 3337 quidem
2550 3231 2903 3336 agnoscant
2916 3231 3041 3306 essc

625 3336 877 3439 aliquid
910 3335 1007 3408 ab>
1029 3335 1357 3436 utriusque
1373 3344 1574 3438 partis
1600 3344 1843 3410 unione
1862 3336 2372 3437 haudquaquam
2390 3336 2679 3409 alienum
2696 3378 2719 3415 ‚
2751 3357 3043 3409 attamen

621 3440 947 3517 affirment
966 3492 987 3524 ‚
1018 3462 1250 3509 omnes
1270 3464 1386 3509 eos
1410 3443 1524 3509 exi
1577 3436 1634 3510 {a
1662 3441 1909 3510 unione
1933 3437 2238 3539 consequi
2253 3436 2458 3525 ‚hanc
2474 3437 2632 3512 vero
2655 3439 2724 3504 in
2742 3438 2867 3508 alia
2883 3459 3046 3536 qua·

620 3541 777 3615 dam
802 3566 871 3612 re
896 3541 1119 3640 priore
1145 3546 1214 3611 &
1241 3465 1576 3638 principali
1603 3537 1971 3612 consistere.

653 3647 658 3652 ’
721 3669 787 3712 2.
840 3646 1260 3736 Itanamque
1291 3643 1653 3711 ratiocinari
1675 3633 1882 3711 solent
1901 3662 2172 3710 omnes:
2211 3636 2400 3735 quod
2420 3642 2553 3737 agit
2569 3637 2817 3721 existit,
2854 3629 3039 3733 quod

610 3734 714 3808 ibi
741 3742 876 3833 agit
907 3733 1010 3810 vel
1040 3745 1316 3839 patitur,
1350 3737 1439 3810 ibi
1473 3738 1691 3810 existat
1722 3735 1968 3811 necesle
2006 3737 2119 3809 est.
2185 3735 2389 3812 Unde
2414 3735 2735 3838 colligunt
2754 3741 3038 3807 animam
3156 3764 3167 3768 ·

613 3838 793 3936 prius
818 3831 938 3902 effe
961 3843 1221 3934 corpori
1248 3836 1625 3936 praesentem
1647 3846 1718 3910 δε
1736 3841 2159 3935 εοιήυηᾶεπι
2180 3836 2469 3936 (loquor
2485 3835 2569 3908 de
2590 3856 2878 3922 naturae,
2902 3853 3041 3904 non

610 3933 931 4040 temporis
965 3936 1245 4027 ordine)
1284 3944 1484 4039 quam
1519 3937 1626 4012 vel
1657 3961 1807 4045 agat
1838 3943 1907 4011 in
1936 3935 2101 4012 illud
2131 3934 2238 4010 vel
2255 3935 2344 4010 ab
2362 3962 2450 4012 eo
2462 3940 2771 4043 patiatur.
2818 3939 3041 4048 Atque

2170 4050 2174 4053 ⁴
2953 4049 3044 4106 112
