3391 4418
629 161 822 252 ·404
1125 134 1837 226 Conronrs
1912 127 2610 223 nrAur‘ua

750 256 821 327 8.
871 244 986 323 Ne
1021 272 1242 322 autem
1278 255 1568 354 opineris
1593 254 1938 349 proprium
1959 243 2089 317 hoc
2116 251 2609 345 conjunctionis
2629 248 2868 325 nostre
2883 256 3083 355 quin]

650 377 799 429 tum
833 349 1169 424 decimum
1197 376 1356 427 curn
1377 351 1647 425 decimo
1667 370 1820 446 cap.
1835 352 2064 420 XXIV
2080 344 2374 444 exposito
2398 345 2660 448 prorsus
2681 374 2891 425 unum
2910 355 3030 430 effi:
3045 408 3070 445 ,

650 449 925 531 observa
937 507 963 541 ,
981 451 1165 525 ficuti
1183 452 1358 527 aliud
1376 452 1469 526 est
1481 503 1504 540 ,
1524 471 1772 523 certam
1789 471 2075 527 mercem
2095 468 2279 518 certo
2300 441 2550 547 semper
2566 453 2788 549 pretio
2807 463 3073 547 tramite,
3114 510 3119 513 .

646 551 838 657 quod
872 579 957 656 pe
1039 574 1266 625 eruum
1295 555 1424 640 est3
1461 546 1677 628 aliud,
1713 545 1932 621 eidem
1960 550 2161 618 merci
2180 544 2361 617 idem
2377 541 2630 645 semper
2644 557 2934 650 pretium
2952 556 3072 628 sta..

649 659 781 734 tui,
817 580 1255 752 quoffrarum
1286 653 1415 726 est:
1445 657 1538 725 ita
1556 646 1736 722 aliud
1757 646 1879 721 ess‘c
1901 691 1926 725 2
1959 645 2151 746 quod
2172 648 2332 717 certi
2354 649 2537 718 aetus
2555 658 2863 749 corporis
2883 660 3069 729 certis

648 758 889 827 mentis
925 750 1179 825 acubus
1213 750 1690 855 respondeant,
1720 746 1806 820 de
1837 770 1970 845 qua
2007 771 2077 817 re
2108 771 2252 847 cap.
2285 749 2514 819 XXIV
2556 750 2817 843 ackum3
2851 752 3067 842 aliud,

637 852 835 1025 ‚tl-3251
852 848 1076 925 iisdem
1095 847 1311 950 sepius
1341 855 1631 954 repetitis
1657 843 1911 948 semper
1938 844 2144 920 iidem
2170 844 2651 945 conjungantur
2667 900 2690 936 ,
2723 847 2809 922 de
2840 878 2983 952 quo
3000 861 3069 929 iu

796 974 935 1026 ent1
960 979 998 1023 a
1066 975 1234 1024 mus.

639 979 688 1057 P
725 1078 815 1149 9.
859 1057 960 1125 Ita
998 978 1312 1124 {lifferunt
1340 1049 1512 1122 inter
1541 1044 1663 1123 sese
1693 1049 1833 1123 haec
1866 1046 2005 1121 duo
2042 1072 2062 1116 z
2110 1070 2174 1121 ι.
2204 1043 2313 1119 alii
2352 1068 2553 1146 atque
2592 1048 2703 1122 alii
2730 1050 3067 1150 quaestioni

641 1152 820 1227 aliud
851 1175 1048 1252 atque
1081 1148 1260 1223 aliud
1297 1145 1664 1249 responsum
1700 1177 1781 1252 ap
1831 1152 2009 1222 licati
2040 1173 2058 1218 ε
2111 1172 2175 1218 2.
2207 1147 2289 1219 ad
2324 1147 2600 1220 eandem
2636 1152 3061 1247 quaestionem

637 1250 913 1326 subinde
940 1253 1284 1351 repetitam
1305 1249 1487 1322 idem
1509 1274 1785 1420 perpetu
1855 1244 2254 1348 responderi.
2301 1245 2805 1339 Hiciteratioj&
2822 1259 3058 1352 repeti-

639 1356 740 1427 tio
761 1356 1026 1426 aCtuum
1057 1346 1406 1422 necess‘ario
1427 1372 1606 1420 atten
1657 1355 1821 1439 itur,
1853 1347 2131 1421 nonibi.
2183 1343 2318 1419 Hic
2339 1345 2567 1418 relatio
2588 1349 2943 1424 identitatis
2957 1357 3057 1424 in-

639 1473 743 1526 ter
756 1457 938 1526 actus
953 1454 1209 1554 priores
1226 1457 1299 1524 δε
1313 1450 1708 1551 posteriores
1729 1446 2173 1522 confideratur
2193 1500 2215 1532 ,
2244 1442 2339 1516 ibi
2355 1469 2494 1517 non
2510 1451 2696 1525 item.

745 1576 858 1625 ro.
904 1551 1105 1623 Instar
1123 1548 1252 1622 five
1270 1547 1640 1648 exemplum
1660 1547 1865 1620 fimile
1882 1543 2162 1621 laudatae
2183 1543 2275 1616 illi
2282 1570 2353 1616 us
2372 1570 2679 1627 motuum
2704 1556 3051 1655 cogitatio-

637 1674 934 1750 numque
974 1655 1042 1722 in
1082 1654 1381 1722 Homine
1417 1653 1949 1721 concurrentium
1984 1645 2361 1720 constantiae
2399 1642 2557 1746 saepe
2594 1657 2951 1753 percipitur
2984 1657 3053 1722 in

639 1773 970 1825 concentu
988 1746 1249 1822 Mufico
1269 1803 1291 1836 ,
1319 1747 1437 1820 ubi
1463 1746 1788 1820 diffimiles
1803 1745 1940 1818 soni
1962 1796 1989 1833 ,1
2019 1748 2195 1816 acuti
2215 1753 2288 1818 δε
2305 1770 2531 1844 graves
2547 1793 2572 1826 ‚
2604 1773 2680 1821 ex
2700 1761 2853 1825 artis
2871 1776 3056 1850 regu·
3101 1766 3108 1772 ·

636 1847 715 1923 lis
741 1856 829 1923 ita
862 1871 1259 1922 concurrunt
1279 1901 1301 1933 ,
1338 1870 1413 1917 ut
1445 1868 1638 1917 cantu
1667 1843 1864 1915 semel
1896 1851 2269 1942 iterumque
2289 1844 2653 1946 interrupto
2670 1851 3050 1949 eodemque

634 1952 924 2043 repetito
951 1947 1153 2018 iidem
1191 1965 1517 2016 recurrant
1545 1968 1623 2013 ac
1644 1939 1762 2014 fibi
1782 1946 2022 2017 mutuo
2043 1942 2430 2044 respondere
2452 1973 2764 2048 pergant,
2796 1955 2911 2050 qui
2937 1976 3055 2021 an-

639 2066 772 2117 tea.
820 2043 1021 2122 Unde
1037 2065 1220 2143 grata
1243 2043 1448 2114 existit
1468 2039 1835 2116 harmonia.
2530 2074 2537 2085 ³

1375 2228 1466 2318 C·
1518 2254 1576 2312 A
1636 2260 1707 2313 p.
1821 2228 2311 2319 XXXIII.

898 2396 1024 2468 Ex
1038 2380 1180 2491 {sta
1196 2383 1457 2465 mentis
1471 2407 1630 2461 cum
1647 2406 1923 2494 corpore
1940 2384 2779 2498 conjundionisproprie-

1339 2514 1494 2578 tate
1513 2493 1996 2603 Univerfils'a
2010 2518 2166 2578 orta
2187 2495 2342 2605 effi.

622 2675 685 2723 ι.
710 2660 855 2820 Ε
884 2656 943 2725 X
965 2650 1089 2723 hac
1107 2651 1600 2747 conjunctionis
1619 2654 1846 2721 animae
1861 2674 2009 2721 cum
2034 2671 2317 2747 corpore
2331 2650 2725 2747 proprietate
2741 2646 3042 2721 videntur

879 2757 1197 2852 originem
1226 2751 1470 2823 habere
1486 2745 1890 2824 Universalia
1911 2801 1934 2835 ,
1965 2774 2107 2847 quae
2122 2747 2160 2821 ὲ
2175 2751 2433 2847 Logicis
2454 2745 2859 2821 recensentur
2872 2801 2896 2833 ,
2913 2773 3037 2848 ge-

609 2872 768 2928 nus,
802 2847 846 2920 s
874 2855 1041 2923 ecies
1061 2903 1083 2939 ‚
1117 2857 1250 2925 &ci
1284 2873 1603 2950 quatenus
1642 2871 2045 2949 conceptum
2058 2852 2299 2950 pariter
2322 2855 2393 2920 &
2411 2872 2657 2920 nomen
2681 2871 3030 2922 commune

611 2951 779 3022 iniis
801 2876 1184 3050 sgestamm.
2058 2976 2065 2982 ·

705 3074 770 3122 2.
800 3054 897 3121 Ita
910 3049 1137 3148 primae
1154 3054 1356 3123 aetatis
1379 3048 1682 3122 homines
1697 3099 1718 3133 ,
1740 3047 1894 3119 cum
1912 3042 2031 3117 fari
2053 3051 2373 3154 incipiunt
2401 3105 2422 3140 ‚
2441 3076 2593 3125 cum
2624 3048 3027 3153 cogitatione

610 3144 695 3217 de
724 3145 1103 3244 parentibus
1126 3144 1247 3220 suis
1277 3157 1454 3244 patrio
1471 3151 1545 3228 (φ
1559 3155 1760 3220 matris
1775 3152 2044 3221 nomina
2063 3163 2496 3252 conjungunt.
2545 3152 2777 3222 Postea
2797 3147 3027 3221 viden..

607 3267 705 3319 tes
735 3241 899 3318 alios
937 3251 1110 3319 viros
1146 3256 1214 3321 &
1249 3250 1552 3322 mulieres
1573 3304 1596 3340 ,
1624 3251 1826 3352 patris
1847 3255 1916 3321 &
1936 3250 2155 3325 mattis
2177 3258 2451 3326 nomina
2471 3247 2716 3323 eisdem
2734 3246 3019 3323 (imiliter

597 3342 990 3419 attribuunt.

575 3462 585 3474 '
635 3460 640 3464 ’
698 3472 759 3544 3.
808 3444 941 3521 Sed
968 3442 1171 3517 adulti
1205 3470 1354 3519 cum
1388 3450 1708 3522 Hominis
1731 3473 2061 3551 conceptu
2081 3447 2212 3524 hoc
2236 3449 2634 3525 vocabulum
2654 3459 2838 3520 Homo
2857 3472 3018 3521 con-

601 3550 912 3633 nectunt,
947 3553 1017 3620 δε
1049 3551 1307 3646 quoties
1332 3545 1510 3620 idem
1536 3572 1898 3648 conceptus
1918 3575 2087 3623 voce
2106 3547 2476 3624 efferendus
2494 3554 2809 3636 recurrit,
2836 3548 3012 3619 idem

599 3666 849 3717 nomen
870 3661 1194 3748 repetunt.
1250 3651 1484 3749 In‘’quo
1512 3655 1852 3725 communi
1874 3673 2205 3753 conceptu
2223 3657 2289 3727 δι
2313 3659 2585 3725 nomine
2612 3674 2755 3722 tota
2778 3649 3015 3722 Vniver-

583 3741 721 3838 Jhlia
745 3767 974 3817 natura
995 3746 1303 3821 consistit.
2612 3765 2619 3770 ’
3008 3747 3027 3762 “

687 3863 758 3936 4.
813 3842 973 3914 Huc
996 3840 1241 3918 faciunt
1265 3845 1463 3921 verba
1478 3844 1743 3922 Philoso
1792 3846 1860 3920 hi
1878 3873 1956 3921 ex
1970 3853 2182 3952 prima
2196 3874 2381 3951 parte
2402 3851 2732 3952 Principp.
2747 3870 2865 3920 art.
2892 3871 3011 3942 59.

465 3986 472 3992 -
585 3943 756 4018 Fiunt
772 3940 1121 4040 univerfidia
1142 3966 1217 4019 ex
1240 3968 1304 4022 eo
1315 3944 1543 4026 samm
1553 3996 1578 4044 ,
1611 3970 1650 4047 q
1778 3944 1896 4026 una
1914 3950 1988 4032 ά
2003 3948 2198 4030 «λάθω
2220 3949 2354 4030 im
2368 3968 2602 4029 utamur
2615 3953 2697 4025 ad
2707 3950 2902 4025 omnia
2915 3951 3011 4020 in-

2796 4147 2802 4153 ,
2848 4049 3009 4122 aivi-
