3391 4418
653 181 809 255 104
1305 149 2386 235 D1s'1’uTAT10

593 314 596 321 ι
632 274 858 372 portio
903 258 1252 347 millesima,
1271 261 1513 333 telluris
1547 287 1684 333 non
1724 259 1917 362 poffit
1948 266 2016 332 in
2036 285 2250 360 partes
2269 262 2452 359 atque
2473 283 2741 361 magnas
2765 257 3071 332 dividiae

639 393 786 443 tota
802 390 967 438 terra
1001 373 1029 454 (
1052 363 1184 433 hoc
1195 368 1476 463 pertinet
1490 360 1573 432 ad
1592 365 2023 459 quantitatem
2040 365 2461 442 continuam)
2502 360 2653 432 licet
2667 355 2947 433 fortaffis
2965 358 3068 434 di-

640 469 840 544 vidua
869 464 943 536 fit
966 468 1029 533 in
1053 487 1266 562 partes
1289 464 1468 560 aeque
1501 462 1729 535 multas
1757 462 1983 559 (quod
2007 459 2248 561 speQat
2269 462 2355 533 ad
2375 467 2810 559 quantitatem
2834 458 3070 532 discre-

650 577 819 648 tam)
845 595 863 636 ι
900 568 1017 636 Ex.
1042 588 1152 663 gr.
1165 560 1213 635 fi
1231 560 1560 634 millesima
1581 588 1729 662 pars
1748 587 1925 635 terrae
1941 562 2139 663 poflit
2162 571 2396 635 iterum
2414 562 2620 634 dividi
2637 568 2704 632 in
2721 560 2898 632 mille
2918 587 3070 662 par-

653 696 780 752 tes3
816 689 1007 761 atque
1028 669 1117 733 ita
1135 662 1472 763 deinceps.
1766 662 1775 665 ι
2370 693 2377 700 ·

747 776 857 840 26.
910 768 1214 860 Denique
1243 760 1424 833 ficuti
1463 787 1599 833 non
1633 769 1945 835 amittitur
1981 768 2070 834 vis
2106 760 2505 863 generandi,
2554 760 2914 857 loquendi,
2940 769 3076 834 &c-

655 862 900 938 etiamfi
942 872 1072 959 jam
1108 887 1253 933 ante
1272 861 1343 934 fit
1358 862 1700 959 aliquoties
1715 870 1780 933 in
1802 869 2021 935 aCtum
2045 863 2329 934 deduCta
2350 915 2371 948 ,
2411 887 2532 933 nec
2553 868 2852 960 potentia
2871 868 3075 935 varias

654 967 892 1066 figuras
914 961 1270 1060 recipiendi
1287 970 1353 1032 in
1380 988 1524 1032 cera
1544 968 1857 1034 minuitur
1873 987 2220 1062 propterea
2242 960 2429 1059 quod
2450 972 2585 1058 jam
2605 984 2750 1031 aute
2772 967 3075 1033 innume-

656 1093 754 1138 ras
793 1088 1135 1162 receperit:
1172 1069 1261 1135 ita
1291 1087 1414 1152 nec
1450 1070 1763 1135 minuitur
1786 1064 1883 1134 vel
1903 1064 2153 1135 tollitur
2172 1059 2583 1133 divisibilitas
2596 1066 2661 1131 in
2684 1086 2962 1159 corpote
2983 1087 3074 1135 eo
3106 1115 3110 1119 <

655 1162 845 1264 quod
882 1164 1226 1259 aliquoties
1246 1170 1375 1257 jam
1394 1169 1566 1261 prius
1591 1162 1662 1235 fit
1690 1170 1984 1236 exercita.
2016 1187 2020 1190 ⁴
2046 1166 2285 1261 Neque
2311 1160 2523 1233 obstat
2552 1160 2737 1259 quod
2752 1160 2905 1232 aliis
2935 1187 3085 1233 ma-

655 1278 846 1366 jora,
883 1262 1031 1336 alias
1067 1267 1321 1333 minora
1359 1288 1640 1362 corpora
1678 1259 1928 1336 facilius
1958 1264 1994 1336 ὲ
2023 1264 2212 1336 nobis
2231 1261 2432 1334 dividi
2455 1264 2731 1362 possint‚
2773 1262 3083 1359 quaedam

609 1398 615 1402 ·
657 1373 852 1437 etiam
873 1363 957 1433 ab
978 1361 1073 1432 his
1092 1360 1287 1432 illisve
1303 1360 1500 1434 caufis
1515 1361 1721 1435 dividi
1740 1362 1994 1463 prorsus
2015 1386 2362 1461 nequeant,
2410 1368 2576 1437 Satis
2597 1367 2769 1431 enim
2792 1362 3090 1460 estquod

664 1490 863 1538 omne
902 1487 1139 1562 corpus
1169 1487 1392 1534 natura
1418 1460 1522 1534 sua
1542 1463 1885 1536 dividuum
1909 1463 2029 1535 esse
2052 1468 2488 1563 percipimus:
2524 1460 2700 1534 unde
2733 1462 3092 1536 concludi-

661 1593 806 1636 mus
837 1563 1087 1637 nullum
1108 1561 1243 1633 dari
1264 1560 1712 1663 corpusculum
1734 1570 1895 1662 quin
1919 1562 2135 1636 saltem
2161 1564 2198 1636 a
2220 1562 2399 1635 causa
2415 1566 2630 1660 aliqua
2647 1607 2668 1641 ‚
2705 1561 2807 1634 vel
2830 1566 2868 1638 ὲ
2887 1570 3041 1636 Deo
3074 1616 3102 1645 ,

664 1661 867 1736 dividi
888 1661 1105 1761 poffit.

772 1786 886 1852 27.
937 1766 1079 1832 Diu
1100 1761 1190 1832 est
1209 1762 1393 1858 quod
1417 1759 1742 1864 superiora
1763 1762 1876 1831 ista
1901 1760 2108 1862 scripsi
2128 1817 2148 1843 ,
2201 1761 2440 1862 quibus
2463 1787 2633 1834 nunc
2652 1786 2870 1835 attexo
2897 1817 2918 1850 ,
2943 1787 3098 1860 quae

667 1888 875 1965 nuper
907 1860 1029 1962 legi
1051 1860 1225 1961 apud
1248 1856 1775 1937 C1.1s.v0ss”1um
1796 1859 1878 1932 de
1896 1864 2147 1935 Natura
2164 1872 2231 1936 δ(
2254 1868 2450 1964 Prop.
2503 1868 2694 1937 Lucis
2713 1889 2859 1963 cap.
2876 1889 2949 1953 9.
2969 1861 3095 1934 ubi
3142 1877 3146 1880 ⁴

668 1961 1010 2036 ostendere
1052 1984 1366 2037 conatur,
1402 1962 1537 2035 dari
1555 1986 1830 2032 vacuum
1858 2016 1877 2047 ,
1908 1971 1980 2035 δε
1998 1965 2145 2061 post
2166 1963 2285 2033 alia
2303 1962 2386 2035 fic
2405 1958 2654 2035 scribit:
2687 1963 3105 2060 Faceffamita—

666 2080 772 2154 que
791 2064 1048 2131 trivialia
1064 2058 1169 2152 ista
1185 2083 1500 2131 commenta
1520 2118 1537 2144 ‚
1565 2066 1762 2149 qualia
1775 2067 1939 2154 vulgo
1957 2070 2032 2131 ad
2043 2059 2425 2157 destruendum
2445 2088 2686 2135 vacuum
2706 2066 3057 2134 adducuntur
3073 2115 3100 2148 ‚

667 2160 969 2261 cujusmodi
982 2156 1054 2254 est
1072 2162 1168 2230 hoc
1185 2161 1333 2248 quod
1344 2161 1535 2231 dicunt
1553 2215 1572 2246 ‚
1602 2161 1698 2229 ubi
1716 2162 1929 2233 nauum
1943 2160 2017 2257 est
2031 2184 2213 2258 corpur
2231 2166 2305 2236 ibi
2324 2166 2535 2236 nullam
2553 2164 2649 2261 effi!
2667 2165 3055 2262 dimensionem
3074 2187 3099 2233 ε

669 2284 739 2329 ac
759 2261 808 2355 sn
829 2259 1050 2355 sublato
1083 2278 1304 2350 corpore
1338 2284 1411 2332 ex
1443 2265 1633 2351 aliquo
1647 2263 1774 2356 vast
1792 2280 1915 2330 tam
1915 2263 2167 2354 firmiter
2171 2262 2492 2355 fabrefacto
2516 2315 2537 2348 ‚
2574 2267 3108 2335 urlateranoncon-

663 2358 850 2452 fluant
889 2358 960 2426 ab
990 2377 1222 2428 externa
1249 2364 1391 2428 aeris
1413 2365 1675 2453 pressione
1695 2410 1714 2438 ‚
1753 2384 1860 2429 non
1881 2379 2072 2430 tamen
2087 2365 2234 2433 idem
2247 2366 2391 2452 quod
2401 2368 2548 2456 prim
2567 2367 2811 2433 laterum
2824 2367 2898 2442 ά
2905 2367 3107 2456 parie-

674 2480 797 2531 tum
815 2478 1045 2526 maneat
1060 2462 1448 2529 intervallum.
1507 2465 1595 2530 At
1610 2465 1752 2555 quis
1767 2485 1898 2530 tam
1920 2487 2149 2560 parum
2172 2464 2262 2533 est
2279 2459 2756 2564 Metaphyficus
2774 2516 2793 2547 ‚
2822 2488 2893 2534 ut
2910 2488 3108 2550 coma

683 2583 952 2631 munem
969 2557 1141 2627 illam
1163 2562 1510 2630 notionem
1542 2613 1562 2643 ,
1589 2572 1719 2627 Non
1737 2564 1873 2629 emis
1886 2565 2471 2658 nullaeffleaccidemia
2492 2617 2512 2647 ,
2531 2561 3102 2663 comprehendere

680 2676 1012 2758 nequeat?
1057 2665 1128 2729 In
1163 2656 1286 2728 hac
1316 2663 1488 2730 enim
1525 2655 1839 2731 fundatur
1874 2669 2328 2762 argumentum
2353 2662 2510 2735 illud
2532 2690 2669 2760 quo
2684 2687 3105 2735 vacuumex-

629 2812 635 2818 -
677 2785 1002 2860 pugnatur
1023 2810 1043 2842 ‚
1071 2783 1138 2830 ut
1156 2784 1344 2830 antea
1361 2758 1727 2832 docuimus.
1769 2757 1901 2860 Ipse
1925 2762 2186 2836 Voffius
2200 2790 2342 2863 cap.
2374 2792 2396 2834 1
2420 2791 2479 2854 3,
2503 2759 2738 2835 fatetur
2758 2809 2781 2842 ‚
2801 2765 3105 2861 absurdum

678 2862 776 2956 effe
807 2879 1019 2927 motum
1035 2855 1288 2948 statuere
1307 2908 1328 2941 ‚
1358 2862 1448 2926 ubi
1476 2864 1620 2928 nibil
1648 2860 1722 2947 est
1743 2864 1890 2950 quod
1904 2886 2178 2935 movetur.
2242 2871 2445 2963 Igitur
2459 2861 2804 2937 absurdum
2826 2861 3103 2962 quoqu'e

682 2953 805 3025 esse
825 2953 1071 3051 judicet
1091 3006 1110 3034 ,
1147 2951 1625 3052 longitudinem
1655 3010 1673 3039 ‚
1701 2956 2111 3032 latitudinem
2136 2972 2205 3034 ὃς
2223 2962 2743 3061 profunditatem
2766 2966 2902 3036 dari
2927 3019 2949 3049 ‚
2980 2962 3103 3034 ubi

680 3056 954 3154 longum
977 3098 999 3128 ‚
1038 3050 1240 3122 latum
1270 3065 1339 3123 &
1368 3053 1770 3152 profundum
1811 3060 2066 3130 nullum
2107 3067 2332 3133 existit.
2397 3062 2771 3136 Absurdum
2815 3064 3057 3158 judicet
3076 3114 3104 3146 ,

681 3156 954 3252 longum
976 3206 996 3236 ,
1029 3149 1232 3222 latum
1270 3159 1342 3221 δε
1368 3150 1775 3254 profundum
1809 3165 2071 3258 reperiri
2104 3165 2167 3231 in
2204 3183 2344 3232 non
2381 3189 2706 3265 corpore,
2740 3192 2875 3237 non
2907 3186 3103 3247 ente,

685 3248 842 3352 disp.
875 3278 936 3340 3.
970 3248 1058 3321 th.
1095 3248 1354 3349 2.seqq.
1405 3251 1590 3352 Phys.
1612 3255 1895 3356 Cont.§.
1925 3286 2039 3329 zo.

788 3359 899 3424 28.
955 3345 1290 3422 Discamus
1322 3355 1358 3424 ὲ
1394 3361 1554 3426 Viro
1591 3354 1807 3454 Anglo
1829 3409 1848 3438 ‚
1888 3354 2152 3446 Phyfico
2170 3358 2380 3430 doClo
2407 3364 2840 3445 &modesto‚
2877 3360 3101 3434 frustra

681 3450 841 3532 illud
879 3455 1239 3548 impugnari
1278 3456 1730 3549 experimentis
1761 3454 2038 3550 Physicis
2060 3511 2079 3542 ,
2120 3456 2305 3556 quod
2339 3458 2785 3562 Metaphysica
2816 3466 3103 3536 demon-
3138 3482 3145 3486 ’

647 3587 648 3590 “
682 3556 989 3623 stratione
1024 3544 1259 3619 fultum
1303 3552 1409 3622 est.
1466 3551 1841 3651 Anglusiile
1866 3556 2540 3634 estExcellentiffimus
2565 3565 2904 3639 Robertus
2929 3553 3107 3658 Βόγ-

678 3653 765 3734 le,
786 3656 896 3746 qui
913 3655 976 3719 in
996 3650 1211 3720 Novis
1233 3654 1701 3749 Experimeutis
1726 3652 2437 3749 Phyfico-Mechanicis
2452 3690 2601 3764 pag.
2622 3667 2741 3743 80,
2762 3665 2843 3736 fic
2861 3660 3102 3736 scribis:

678 3765 848 3820 Ratio
866 3798 884 3829 ,
918 3772 1016 3817 cur
1052 3763 1301 3822 Vacuum
1323 3753 1418 3846 effe
1435 3776 1540 3820 non
1554 3756 1746 3845 possir,
1783 3755 1908 3823 crim
1922 3759 2112 3824 nonab
2129 3765 2521 3849 experimentis
2541 3770 2820 3834 derivetur
2836 3785 2941 3835 aut
2968 3777 3104 3844 Na-

674 3868 811 3918 turae
835 3849 1197 3940 phanomem’s
1211 3901 1232 3934 ‚
1256 3874 1367 3939 qua
1395 3855 1470 3919 ad
1495 3853 1799 3949 lypothefin
1818 3879 2007 3925 eorum
2045 3856 2546 3953 (Plenistarum)
2587 3864 2740 3930 clare'
2760 3868 2831 3938 (7
2851 3849 3105 3956 distin&

645 3948 1012 4043 ¹proimndam
1029 3945 1292 4041 facerent
1309 4002 1332 4036 ,
1348 3951 1452 4046 sed
1481 3975 1553 4022 ex
1591 3956 1814 4025 notione
1844 3978 2015 4048 quam
2034 3959 2103 4028 de
2125 3969 2369 4054 Corpore
2392 3977 2777 4053 conceperum3
2810 3963 2958 4056 quod
2969 3957 3105 4032 exi-

2958 4057 3108 4158 stare
