3391 4418
616 164 770 240 116
1262 148 2339 238 DISPUTATIO

1423 344 1506 427 D
1568 378 1599 430 1
1635 328 1697 427 'S
1756 375 1825 429 Ρ.
1940 348 2022 437 V
2041 344 2077 427 I
2097 347 2133 430 1
2154 345 2217 429 I.

720 497 854 575 Sol
851 501 1051 575 vitus·
1083 488 1367 597 objedio
1386 492 1441 570 ὴ
1464 494 1710 602 spatio
1714 494 1956 603 petita
1973 559 1990 587 ,
2025 490 2219 572 unde
2234 489 2492 572 mundi
2496 489 2868 601 plenitudo
2889 548 2925 592 ,

885 608 1267 720 indefinita
1286 606 1597 711 extensio
1614 661 1638 701 ,
1675 609 1980 718 denique
2003 610 2251 688 unius
2269 601 2720 719 cognoscitur.

616 780 679 826 x.
706 752 1069 920 EVerfis
1096 750 1271 824 hunc
1307 746 1391 819 ad
1422 747 1706 821 modum
1736 747 2171 851 praejudicatis
2201 748 2284 820 de
2319 746 2751 821 rarefastione
2776 758 3035 823 &mn-
3144 824 3149 827 ,

856 851 1228 924 densatione
1252 840 1710 949 opinionibu3‚
1752 850 1888 922 aliae
1905 847 2299 927 succedunt,
2337 876 2478 948 quae
2500 875 2639 921 non
2660 856 2945 922 minores
2963 856 3038 920 in

608 947 1017 1050 ¹agnoscenda
1045 950 1307 1033 essentia
1328 954 1626 1050 corporis
1643 949 2053 1023 difficultates
2069 955 2355 1050 pariunt.
2412 951 2595 1022 Talis
2616 950 2707 1021 est
2720 947 3031 1021 consueta

605 1050 954 1126 hominum
984 1052 1065 1123 de
1076 1053 1264 1148 spatio
1285 1105 1306 1136 ‚
1336 1047 1440 1123 seu
1459 1076 1615 1123 vero
1634 1048 2133 1152 stuimaginatio
2151 1095 2172 1130 ‚
2201 1054 2521 1150 cogitatio
2548 1073 2743 1147 atque
2766 1054 2983 1120 oratio
3004 1102 3029 1138 ,

656 1178 749 1224 uae
781 1153 1312 1249 contranostram
1335 1149 1417 1221 de
1443 1154 1747 1252 corporis
1764 1147 2133 1224 extensione
2154 1147 2524 1222 doctrinam
2543 1147 2909 1247 hujusmodi
2925 1155 3033 1220 in-

600 1179 793 1353 girgit
809 1280 1034 1356 argum
1043 1276 1237 1325 ento:
1278 1249 1659 1350 ubicunque
1678 1250 1835 1323 nihil
1855 1249 2031 1323 aliud
2054 1247 2174 1323 effi:
2195 1248 2572 1351 intelligitur
2591 1251 2787 1348 quaim
2805 1274 3033 1321 exten-

600 1353 694 1426 fio
732 1359 803 1424 in·
831 1356 1106 1454 longum
1127 1407 1148 1440 ,
1174 1351 1381 1423 latum
1405 1361 1476 1426 &
1494 1348 1901 1451 profundum
1917 1396 1939 1432 ‚
1979 1376 2115 1422 non
2137 1376 2376 1450 corpus
2394 1395 2414 1431 ‚
2450 1347 2552 1421 sed
2574 1347 2844 1451 spatium
2863 1375 3035 1422 con·

599 1459 868 1555 cipitur,
899 1456 1204 1552 adeoque
1233 1449 1445 1554 pofita
1472 1450 1844 1527 extensione
1872 1448 2087 1527 solum
2127 1454 2403 1552 ponitur
2441 1447 2740 1548 spatium.
2823 1454 3028 1549 Atqui

593 1552 869 1655 spatium
895 1580 1031 1627 non
1045 1554 1136 1626 est
1150 1579 1390 1653 corpus
1434 1549 1650 1642 (secus
1669 1558 1845 1623 enim
1869 1576 2108 1650 corpus
2128 1556 2197 1621 in
2217 1548 2420 1657 spatio
2439 1546 2560 1624 esse
2584 1604 2605 1637 ,
2639 1545 2842 1650 spatio
2865 1574 3032 1623 con-

596 1661 788 1728 tineri
804 1664 938 1729 &c.
970 1652 1099 1725 dici
1114 1678 1250 1724 non
1272 1650 1518 1753 poffet)
1553 1650 1661 1722 sed
1678 1654 1779 1723 vel
1798 1677 1895 1722 res
1915 1650 1949 1724 ἆ
1970 1677 2086 1722 cor
2138 1675 2253 1722 ore
2275 1646 2521 1722 diversa
2534 1651 2623 1721 est
2639 1704 2661 1736 ,
2683 1648 2785 1722 vel
2802 1656 3028 1750 potius

595 1761 702 1846 (ut
720 1754 1183 1852 plerorumque
1199 1754 1288 1821 est
1307 1755 1568 1851 opinio)
1595 1775 1850 1821 merum
1864 1747 2073 1821 nihile
2132 1805 2147 1830 ,
2165 1748 2396 1822 fictum
2409 1748 2600 1850 plane
2622 1759 2692 1822 δε
2713 1755 3033 1854 imagina-

595 1859 790 1929 rium.
841 1862 907 1931 Si
950 1880 1109 1954 ergo
1132 1877 1272 1923 non
1291 1853 1609 1950 corpori,
1647 1846 1694 1921 fi
1723 1875 1911 1921 mero
1938 1854 2206 1921 rationis
2225 1855 2357 1921 enti
2377 1894 2405 1932 ι
2441 1852 2587 1920 imo,
2610 1858 2752 1921 non'
2770 1860 2903 1925 enti
2923 1878 3058 1936 ex-.

600 1950 810 2027 tenfio
854 1950 1195 2038 tribuitur3
1227 1952 1641 2052 non'poterit
1668 1974 1746 2021 ea
1775 1975 1903 2052 pro
1937 1952 2219 2053 genuina
2254 1974 2597 2052 corporeae
2618 1950 2730 2021 ‘rei
2768 1947 3034 2026 essentia.

598 2055 944 2128 venditari.
1357 2060 1360 2063 ’
2322 2101 2325 2103 >
2785 2142 2789 2146 ,

705 2182 771 2228 2.
822 2158 980 2254 Resp.
999 2151 1207 2253 Qafi
1226 2149 1641 2248 verb-Phylax
1663 2176 1848 2224 meus
1870 2176 2006 2225 non
2027 2150 2180 2226 esset
2194 2177 2379 2227 verus
2401 2159 2574 2228 canis
2596 2180 2680 2227 eo
2704 2153 2892 2255 quod
2911 2181 3036 2229 na-

602 2280 810 2329 turam
850 2257 1028 2327 canis
1054 2279 1170 2353 per
1199 2253 1541 2325 fidkionem
1575 2253 1944 2325 intelleClms
1985 2252 2289 2332 Cerbero
2312 2259 2537 2328 Poe'tae
2556 2255 2866 2329 tribuant.
2933 2264 3038 2329 Ita

600 2352 880 2438 fortaffis
895 2351 1318 2454 responderet
1333 2351 1586 2453 aliquis.
1623 2355 1780 2425 Nos
1796 2375 1867 2424 ut
1885 2377 2127 2425 metam
2149 2356 2570 2454 praestitutam
2589 2354 3023 2454 assequemur,

596 2463 667 2530 in
702 2455 827 2528 alia
858 2460 1080 2529 omnia
1112 2452 1425 2526 abeuntes
1453 2478 1807 2552 negamur,
1842 2453 2049 2525 ullum
2078 2451 2352 2555 spatium
2372 2456 2871 2558 concipipoffe«,
2902 2451 3030 2530 ‘nifi

598 2558 771 2631 reale
796 2567 866 2633 &
888 2583 1112 2631 verum
1131 2565 1202 2630 &
1221 2581 1502 2655 corpore
1523 2552 1795 2654 plenum
1815 2603 1835 2639 ,
1861 2551 2262 2656 dicimusque
2285 2567 2425 2630 non
2443 2557 2899 2659 magisfi‘stum
2926 2553 3030 2631 vel

597 2664 1049 2761 imaginarium
1080 2655 1201 2730 esst
1235 2655 1507 2759 spatium
1529 2709 1552 2743 ,
1586 2656 1792 2755 quiim'
1829 2654 1920 2726 est
1946 2682 2189 2759 eorpus
2212 2654 2459 2760 ipsum,
2492 2654 2936 2759 imofspatium
2957 2665 3026 2731 &

596 2787 840 2862 corpus
859 2759 1039 2832 idem
1064 2756 1213 2831 effe.
2544 2801 2549 2804 -
2685 2799 2693 2806 .
2756 2777 2760 2781 “
2872 2787 2876 2792 ·
2912 2777 2919 2786 ·

591 2929 597 2934 .
704 2883 768 2951 32
823 2859 1035 2958 Qod
1048 2883 1122 2929 ur
1140 2856 1554 2930 manifestum
1574 2858 1808 2932 evadat
1822 2913 1847 2945 ‚
1875 2862 2027 2932 inter
2043 2865 2201 2934 entia
2211 2866 2396 2934 realia
2419 2866 2498 2944 ὁ·
2513 2863 2751 2933 rationis
2752 2853 3039 2955 figmenta

588 2962 728 3057 quid
755 2961 965 3054 interfit
987 2956 1347 3027 videamus.
1403 2959 1743 3030 Nimirum
1767 2985 1974 3031 conce
2027 2959 2127 3033 tur
2144 2963 2237 3052 illi
2254 2967 2368 3061 qui
2392 2985 2532 3032 non
2551 2967 2895 3033 continent
2915 2983 3028 3033 ve.-

592 3086 696 3133 ras
727 3066 799 3132 &
827 3053 1271 3138 immutabiles
1306 3082 1520 3127 rerum
1555 3078 1811 3130 naturas
1830 3111 1851 3142 ‚
1886 3057 1946 3130 se
2023 3060 2289 3134 fifficias
2316 3061 2628 3134 duntaxat
2648 3070 2712 3134 δι
2733 3060 2817 3151 ab
2835 3058 3028 3131 inrel'-

587 3159 766 3233 lectu
789 3153 1186 3257 compositas
1204 3207 1223 3234 ,
1259 3154 1342 3252 ab
1366 3154 1608 3227 eodem
1628 3156 1965 3231 intellectu
1984 3186 2125 3231 non
2145 3187 2262 3262 per
2276 3160 2697 3257 atfirafflonem
2723 3149 2979 3234 tantum
3001 3213 3021 3244 ,

588 3255 697 3331 sed
713 3283 829 3356 per
848 3257 1087 3328 claram
1109 3283 1186 3327 ac
1202 3255 1570 3329 distinctam
1592 3257 2047 3355 operationem
2082 3262 2116 3351 (
2137 3259 2502 3353 exclusionem
2518 3261 2715 3359 aliqui
2736 3259 3020 3351 vocant)

589 3356 798 3433 dividi
839 3355 1099 3456 possunt
1114 3410 1135 3441 ‚
1154 3355 1337 3428 ‘adeo
1374 3379 1446 3428 ut
1465 3383 1612 3453 quae
1635 3357 2001 3446 intellectus
2021 3354 2104 3427 fic
2124 3356 2413 3430 dividere
2433 3385 2571 3432 non
2589 3364 2803 3461 potest
2819 3416 2840 3447 ‚
2882 3382 3020 3432 non

588 3457 876 3535 debeant
890 3454 1166 3553 judicari
1186 3453 1269 3524 ab
1290 3452 1427 3555 ipso
1444 3454 1565 3527 esse
1578 3454 1971 3557 composita.
2001 3459 2137 3545 Ut,
2169 3456 2449 3556 exempli
2470 3460 2691 3541 causti,
2725 3463 2882 3534 dum
2905 3486 3025 3533 co-

579 3564 725 3660 gito
741 3581 986 3657 equum
1005 3553 1245 3627 alatum
1266 3556 1367 3628 vel
1381 3578 1682 3629 montem
1700 3583 1969 3629 aureum
1990 3611 2011 3644 ,
2039 3554 2225 3630 facile
2242 3556 2535 3661 intelligo
2555 3614 2579 3649 ‚
2604 3587 2710 3636 me
2726 3570 2924 3636 eriam
2943 3584 3021 3633 ex

581 3656 852 3732 adverso
868 3653 1048 3755 posse
1070 3661 1362 3757 cogitare
1383 3681 1627 3754 equum
1645 3681 1785 3730 non
1798 3656 2062 3746 alatum,
2084 3682 2386 3730 montem
2405 3687 2544 3735 non
2562 3687 2830 3736 aureum
2853 3717 2874 3749 ‚
2894 3677 3025 3734 nec

575 3755 860 3861 proinde
887 3755 994 3826 illa
1027 3783 1205 3829 veras
1228 3767 1296 3831 δε
1323 3752 1767 3829 immutabiles
1782 3780 2039 3830 naturas
2056 3756 2384 3832 exhibere.
2438 3766 2550 3835 Sin
2568 3759 2650 3833 de
2667 3761 2876 3865 spatio
2899 3790 3019 3838 eo-

628 3865 787 3929 'tem
803 3909 822 3936 ,
860 3856 1265 3930 attendendo
1301 3859 1387 3929 ad
1421 3856 1488 3928 id
1521 3858 1707 3955 quod
1750 3862 1980 3959 cogito
1999 3910 2021 3938 ,
2065 3867 2204 3930 non
2225 3857 2481 3958 poffitm
2501 3885 2641 3931 non
2659 3862 3017 3961 intelligere

571 3887 741 4036 ffiud
760 3953 883 4035 effe
896 3953 1228 4034 extensum
1241 4011 1266 4047 ,
1286 3965 1360 4033 δε
1379 3965 1659 4033 omnino
1673 3953 2048 4062 oppositum
2062 3964 2135 4032 in
2148 3956 2453 4062 apposito
2470 3957 2750 4034 statuam
2768 4014 2790 4049 ,
2808 3960 2854 4032 st
2920 3965 3021 4029 ui-

2908 4082 3025 4135 em
