3391 4418
637 150 818 246 «44'
1293 129 2386 215 Drsrurarro

607 247 872 324 ⁴'erroris
904 269 1069 318 unus
1107 240 1219 315 hic
1247 243 1339 315 est
1359 296 1380 324 ‚
1412 236 2174 342 quodconfiderationes
2193 239 2455 335 Logicae
2476 283 2498 318 ,
2522 248 2669 331 quae
2691 226 3065 311 solamente

634 344 962 425 versantur
981 399 1003 432 ,
1041 344 1375 446 finguntur
1390 349 1455 413 in
1474 340 1671 415 rebus
1692 363 1867 412 extra
1884 361 2174 413 mentem
2193 330 2557 408 consistere.
2591 335 2662 405 Si
2678 330 3068 434 nescisquo-

636 450 852 523 modo
891 472 1095 519 unum
1135 447 1438 543 idemque
1479 467 1555 515 ut
1587 438 1909 514 essentiale
1947 447 2017 510 &
2054 435 2450 509 accidentale
2492 430 2743 510 diverso
2770 433 3067 536 respedim

634 544 1027 623 confiderari
1048 543 1283 645 poffit‚
1320 544 1387 616 id
1410 540 1575 615 disce
1603 545 1956 642 exLogicae
1961 561 2134 639 part.
2163 565 2221 609 1.
2239 534 2460 636 quaest·
2479 559 2602 630 95.
2619 534 2962 637 &applica
2975 535 3063 609 ad

638 648 883 725 formas
906 670 1122 719 rerum
1145 668 1515 745 corporeas.

1462 773 1545 913 f)
1608 862 1639 917 1
1683 778 1737 910 ‘s
1798 859 1865 912 P.
1975 824 2254 914 x111.

1056 987 1170 1057 De
1191 985 1484 1055 motus
1498 971 1821 1081 efficacia
1838 1037 1856 1067 ,
1902 969 1994 1064 ά·
2010 972 2312 1084 vulgari
2325 973 2478 1076 ejus
2497 976 2679 1083 tum'

1357 1087 1698 1192 divisione
1712 1109 1870 1173 tum
1891 1085 2334 1190 definitione.
2394 1173 2402 1191 ,

646 1265 707 1315 1.
930 1231 1484 1310 Uemadmodum
1510 1237 1576 1304 in
1591 1231 1872 1306 Politica
1890 1231 2192 1304 donstrina
2213 1231 2430 1330 primo
2455 1236 2663 1330 agitur
2678 1225 2758 1298 de
2774 1228 3065 1313 civitate,

678 1367 688 1377 ·
736 1251 1076 1438 Qquae
1108 1333 1283 1406 rudis
1319 1360 1394 1405 ac
1428 1332 1759 1433 indigestae
1794 1330 1984 1404 molis
2015 1333 2204 1409 instar
2225 1328 2281 1402 ie
2306 1330 2548 1416 habet3
2586 1326 2821 1417 deinde
2841 1326 2921 1397 de
2941 1338 3059 1396 Re-

630 1439 890 1535 publica,
923 1435 1124 1509 veluti
1165 1431 1380 1506 forma
1415 1435 1451 1505 Ξι
1484 1460 1616 1533 qua
1648 1435 1842 1506 status
1875 1435 2119 1504 civitati
2152 1435 2548 1531 imponitur:
2580 1430 2671 1498 ita
2702 1435 2767 1499 in
2791 1423 3059 1501 scientia

637 1538 917 1610 naturali
948 1540 1141 1608 initio
1172 1533 1444 1633 quidem
1483 1560 1808 1633 corporea
1841 1555 2029 1603 rerum
2057 1532 2376 1627 univerfitaa
2395 1526 2874 1613 consideratur,
2913 1550 3065 1615 tan-

641 1662 841 1736 quam
863 1632 1161 1708 informis
1182 1638 1448 1705 materia
1470 1686 1492 1718 ‚
1526 1657 1671 1730 quae
1689 1639 1757 1704 in
1776 1632 2051 1732 longum
2069 1685 2091 1717 ,
2113 1628 2318 1702 latum
2338 1638 2403 1703 δι
2420 1621 2834 1728 profundum
2851 1627 2941 1698 est
2954 1650 3065 1699 ex-
3134 1646 3143 1652 ’

640 1734 815 1810 tensa
844 1765 864 1821 3
900 1737 1131 1836 postea
1167 1760 1324 1805 vero
1363 1730 1683 1830 specstatur
1703 1729 2063 1827 quomodo
2087 1735 2280 1803 variis
2299 1729 2523 1801 induta
2539 1754 2737 1827 atque
2752 1750 3063 1801 exornata

639 1833 877 1911 formis
892 1838 1090 1905 Mundi
1106 1835 1376 1910 nomine
1394 1839 1464 1903 &
1478 1835 1756 1903 notione
1777 1828 2177 1930 insignienda
2195 1839 2263 1901 δε
2285 1829 2705 1931 intelligenda
2724 1833 2960 1902 veniat.

743 1964 801 2008 2.
860 1938 1011 2006 Nec
1033 1957 1250 2003 tamen
1264 1954 1612 2031 propterea
1631 1930 1880 2004 necesse
1901 1931 1991 2000 est
2012 1974 2035 2006 a
2071 1954 2143 2003 ut
2162 1926 2522 2002 universum
2545 1928 2680 2003 hoc
2701 1925 3060 2027 aliquando

641 2035 953 2106 omnibus
984 2033 1301 2102 nudatum
1336 2027 1566 2102 formis
1594 2027 1778 2102 fuiss'e
1810 2030 2271 2109 existimemus,
2312 2052 2382 2101 ut
2415 2056 2629 2130 neque
2653 2056 2698 2102 o
2747 2030 3065 2128 usestpu-

638 2158 816 2218 tare,
852 2131 1140 2229 aliquam
1179 2156 1398 2204 revera
1432 2136 1761 2209 civitatem
1780 2131 2080 2217 existere,
2117 2155 2421 2230 quaenon
2440 2129 2675 2203 habeat
2691 2058 3063 2229 gosimpe-

637 2256 856 2307 rantes
869 2256 946 2302 ac
965 2243 1261 2345 parentes
1278 2276 1302 2308 ‚
1324 2256 1466 2330 quae
1488 2234 1675 2304 nullo
1698 2230 1932 2302 ordine
1946 2275 1970 2307 2
1994 2229 2184 2303 nullis
2199 2227 2449 2331 legibus
2472 2238 2906 2310 contineatur,
2926 2229 3065 2302 hoc

637 2334 731 2406 est
750 2384 768 2411 ,
785 2356 931 2430 quae
946 2330 1129 2404 simul
1150 2357 1285 2401 non
1301 2330 1376 2403 fit
1397 2328 1778 2433 respublica.
1803 2333 2101 2404 Tantum
2121 2328 2258 2402 haec
2278 2340 2369 2402 ita
2387 2336 2768 2418 trastantur,
2790 2354 2863 2404 ut
2883 2328 3059 2404 ordo

637 2429 1016 2509 observetur
1035 2435 1150 2530 qui
1172 2432 1424 2504 clariori
1448 2433 1964 2529 distinfflorique
1988 2456 2202 2503 rerum
2221 2428 2475 2504 inservit
2491 2430 2958 2534 intelligentiae.

749 2560 808 2626 3.
851 2537 962 2606 Er*
993 2527 1347 2604 secundum
1369 2581 1374 2586 -
1395 2536 1687 2633 priorem
1739 2532 2007 2631 quidem
2058 2528 2650 2605 considerationem
2679 2585 2700 2620 ,
2753 2535 3058 2604 materiam

635 2658 811 2706 unam
832 2640 902 2705 in
927 2635 1380 2709 ,totoexistere
1415 2627 1712 2705 universo
1748 2630 2181 2706 affirmamus:
2214 2631 2400 2731 quod
2437 2639 2524 2705 ita
2544 2631 2852 2704 volumus
2869 2627 3061 2704 intel-

641 2734 887 2806 leolum
908 2780 929 2814 ‚
976 2760 1052 2805 ac
1083 2731 1137 2804 fi
1179 2739 1326 2833 quis
1363 2730 1648 2819 diceret,
1686 2738 2076 2820 cunctorum
2095 2731 2442 2804 hominum
2461 2785 2482 2818 ‚
2522 2737 2632 2831 qui
2650 2730 2871 2805 suntin
2892 2723 3057 2802 orbe

636 2858 951 2904 terrarum
972 2890 989 2915 ‚
1034 2858 1231 2903 unam
1260 2832 1623 2904 &eandem
1641 2831 1762 2904 effe
1788 2857 2080 2905 naturam
2102 2886 2124 2918 ,
2163 2831 2706 2931 quandoquidem
2719 2830 2930 2906 nullus
2944 2830 3062 2903 da·

638 2954 744 3003 tur
762 2975 786 3009 ‚
822 2937 979 3029 quin
998 2928 1073 3000 fit
1092 2955 1166 3000 ex
1187 2953 1410 3001 mente
1428 2941 1496 3002 8<
1520 2959 1803 3031 corpore
1823 2938 2136 3032 organico
2152 2930 2575 3033 compofitus.

733 3054 804 3125 4.
861 3031 1123 3126 Nempe
1141 3025 1229 3098 fic
1250 3036 1443 3098 etiam
1465 3030 1500 3099 a*
1523 3030 1717 3102 nobis
1739 3031 1910 3102 nulla
1942 3033 2230 3103 statuitur
2247 3037 2543 3117 materia,
2569 3034 2731 3130 quin
2751 3027 2825 3101 fit
2839 3052 3057 3102 exten·-

625 3127 775 3199 sum
810 3127 975 3226 quid
998 3135 1062 3198 in
1085 3126 1569 3228 longitudinem
1589 3174 1611 3208 ‚
1654 3129 2065 3201 latitudinem
2087 3140 2156 3202 &
2178 3129 2736 3229 profunditatem,
2769 3130 2921 3202 cum
2948 3132 3055 3200 ni·-

635 3225 730 3298 hil
772 3227 954 3296 aliud
977 3280 999 3311 ,
1033 3231 1220 3323 quod
1261 3224 1670 3300 substantiam
1691 3229 2093 3302 materialem
2115 3233 2461 3302 constituat
2483 3282 2502 3314 ‚
2534 3235 2604 3301 in
2623 3229 2817 3303 rebus
2837 3226 3053 3320 Phyfi·

636 3331 731 3402 cis
748 3329 1088 3428 percipere
1108 3350 1445 3423 queamus.
1514 3332 1592 3422 Et
1608 3325 1744 3400 hoc
1761 3332 1908 3401 idem
1916 3333 2094 3425 specie
2114 3332 2181 3398 in
2201 3327 2433 3399 scholis
2445 3328 2792 3429 appellant.

744 3453 809 3521 5.
860 3428 950 3496 At
965 3430 1140 3497 enim
1163 3477 1185 3509 ,
1223 3431 1471 3524 inquiat
1502 3427 1769 3526 aliquis,
1800 3425 1844 3499 fi
1880 3426 2056 3497 rudis
2093 3426 2202 3498 illa
2235 3436 2302 3500 &
2338 3426 2651 3530 indigesta
2679 3429 2890 3503 moles
2910 3432 3053 3501 uni-

632 3526 883 3602 versum
917 3525 1282 3602 constituit,
1318 3524 1493 3597 unde
1517 3553 1676 3628 ergo
1700 3525 2057 3601 oriturhaec
2075 3579 2098 3611 ‚
2131 3553 2332 3626 quam
2355 3527 2655 3604 videmus
2672 3582 2695 3617 ,
2729 3555 2862 3603 tam
2882 3534 3052 3602 varia

629 3652 847 3699 rerum
866 3627 1254 3700 naturalium
1268 3623 1590 3725 elegantia
1608 3680 1646 3712 ‚.
1667 3627 1842 3699 unde
1866 3627 2061 3696 decus
2081 3627 2249 3699 istud
2268 3632 2568 3702 eximium
2594 3686 2615 3717 ‚
2651 3631 2821 3713 unde
2838 3630 3055 3701 admi-

629 3725 847 3799 rabilis
872 3726 978 3794 ille
1016 3722 1460 3797 caelestiumac
1479 3729 1867 3799 terrestrium
1891 3751 2252 3825 corporum
2275 3753 2538 3804 ornatus
2559 3784 2578 3816 ‚
2606 3757 2802 3827 quem
2823 3729 3050 3820 Graeci

626 3835 698 3901 &c
734 3829 945 3895 Latini
981 3825 1140 3897 dum
1169 3823 1692 3916 considerarunt,
1731 3822 2210 3900 univetfitatem
2247 3826 2416 3899 hanc
2445 3819 2658 3928 κόσμον
2680 3833 3047 3906 &mundum

620 3931 1046 4003 nominavere
1073 3941 1096 3996 ἓ
2928 3925 2935 3930 ’
2969 3923 2978 3935 ’
3034 3978 3044 4006 ,,

2783 4041 2853 4104 ⁶·
2902 4033 3050 4105 Re·-
