<?xml version="1.0" encoding="UTF-8"?>
<!DOCTYPE html PUBLIC "-//W3C//DTD XHTML 1.0 Transitional//EN"
    "http://www.w3.org/TR/xhtml1/DTD/xhtml1-transitional.dtd">
<html xmlns="http://www.w3.org/1999/xhtml" xml:lang="en" lang="en">
 <head>
  <title>
</title>
<meta http-equiv="Content-Type" content="text/html;charset=utf-8" />
  <meta name='ocr-system' content='tesseract 3.04.00' />
  <meta name='ocr-capabilities' content='ocr_page ocr_carea ocr_par ocr_line ocrx_word'/>
</head>
<body>
  <div class='ocr_page' id='page_1' title='image "./johannisclauber00claugoog_0143.png"; bbox 0 0 3391 4418; ppageno 0'>
   <div class='ocr_carea' id='block_1_1' title="bbox 355 116 2919 1337">
    <p class='ocr_par' dir='ltr' id='par_1_1' title="bbox 373 116 2919 625">
     <span class='ocr_line' id='line_1_1' title="bbox 1071 116 2810 244; baseline 0.007 -37"><span class='ocrx_word' id='word_1_1' title='bbox 1071 116 1813 217; x_wconf 64' lang='lat' dir='ltr'>Puvs1ca</span> <span class='ocrx_word' id='word_1_2' title='bbox 1914 123 2078 210; x_wconf 91' lang='lat' dir='ltr'>IX.</span> <span class='ocrx_word' id='word_1_3' title='bbox 2665 162 2810 244; x_wconf 81' lang='lat'>¹23</span> 
     </span>
     <span class='ocr_line' id='line_1_2' title="bbox 382 231 2813 341; baseline 0.002 -27"><span class='ocrx_word' id='word_1_4' title='bbox 382 261 622 341; x_wconf 76' lang='lat' dir='ltr'>praetet</span> <span class='ocrx_word' id='word_1_5' title='bbox 654 244 727 313; x_wconf 76' lang='grc' dir='ltr'>δε</span> <span class='ocrx_word' id='word_1_6' title='bbox 750 252 938 323; x_wconf 68' lang='lat' dir='ltr'>‚extra</span> <span class='ocrx_word' id='word_1_7' title='bbox 966 231 1157 333; x_wconf 87' lang='lat' dir='ltr'>quod</span> <span class='ocrx_word' id='word_1_8' title='bbox 1187 232 1367 307; x_wconf 89' lang='lat' dir='ltr'>nulla</span> <span class='ocrx_word' id='word_1_9' title='bbox 1386 258 1489 308; x_wconf 86' lang='lat' dir='ltr'>tes</span> <span class='ocrx_word' id='word_1_10' title='bbox 1508 259 1725 310; x_wconf 87' lang='lat' dir='ltr'>creata</span> <span class='ocrx_word' id='word_1_11' title='bbox 1748 238 1951 312; x_wconf 84' lang='lat' dir='ltr'>existit</span> <span class='ocrx_word' id='word_1_12' title='bbox 1975 291 1997 325; x_wconf 87' lang='lat'><strong>,</strong></span> <span class='ocrx_word' id='word_1_13' title='bbox 2033 236 2383 314; x_wconf 76' lang='lat' dir='ltr'>necessario</span> <span class='ocrx_word' id='word_1_14' title='bbox 2405 239 2813 320; x_wconf 88' lang='lat' dir='ltr'>statuendum</span> 
     </span>
     <span class='ocr_line' id='line_1_3' title="bbox 380 336 2813 440; baseline 0.002 -26"><span class='ocrx_word' id='word_1_15' title='bbox 380 343 472 414; x_wconf 88' lang='lat' dir='ltr'>est</span> <span class='ocrx_word' id='word_1_16' title='bbox 503 347 770 426; x_wconf 86' lang='lat' dir='ltr'>unicum</span> <span class='ocrx_word' id='word_1_17' title='bbox 793 383 818 416; x_wconf 70' lang='lat'><em>2</em></span> <span class='ocrx_word' id='word_1_18' title='bbox 857 341 947 410; x_wconf 85' lang='lat' dir='ltr'>uti</span> <span class='ocrx_word' id='word_1_19' title='bbox 989 337 1273 408; x_wconf 81' lang='lat' dir='ltr'>Creator</span> <span class='ocrx_word' id='word_1_20' title='bbox 1301 339 1528 409; x_wconf 88' lang='lat' dir='ltr'>unicus</span> <span class='ocrx_word' id='word_1_21' title='bbox 1547 390 1572 422; x_wconf 90' lang='lat'>,</span> <span class='ocrx_word' id='word_1_22' title='bbox 1603 338 1800 437; x_wconf 69' lang='lat' dir='ltr'>aquo</span> <span class='ocrx_word' id='word_1_23' title='bbox 1831 365 2002 440; x_wconf 86' lang='lat' dir='ltr'>opus</span> <span class='ocrx_word' id='word_1_24' title='bbox 2027 336 2186 411; x_wconf 86' lang='lat' dir='ltr'>illud</span> <span class='ocrx_word' id='word_1_25' title='bbox 2206 340 2565 414; x_wconf 83' lang='lat' dir='ltr'>universum</span> <span class='ocrx_word' id='word_1_26' title='bbox 2594 345 2813 418; x_wconf 86' lang='lat' dir='ltr'>distin-</span> 
     </span>
     <span class='ocr_line' id='line_1_4' title="bbox 373 434 2919 625; baseline 0.002 -113"><span class='ocrx_word' id='word_1_27' title='bbox 373 446 624 625; x_wconf 53' lang='lat' dir='ltr'>{luitun</span> <span class='ocrx_word' id='word_1_28' title='bbox 676 445 878 537; x_wconf 88' lang='lat' dir='ltr'>Atqui</span> <span class='ocrx_word' id='word_1_29' title='bbox 901 434 1198 515; x_wconf 84' lang='lat' dir='ltr'>Mundus</span> <span class='ocrx_word' id='word_1_30' title='bbox 1213 434 1388 515; x_wconf 84' lang='lat' dir='ltr'>estid</span> <span class='ocrx_word' id='word_1_31' title='bbox 1401 462 1634 536; x_wconf 76' lang='lat' dir='ltr'>praeter</span> <span class='ocrx_word' id='word_1_32' title='bbox 1651 447 1720 515; x_wconf 69' lang='grc' dir='ltr'>ὃ(</span> <span class='ocrx_word' id='word_1_33' title='bbox 1740 465 1913 514; x_wconf 85' lang='lat' dir='ltr'>extra</span> <span class='ocrx_word' id='word_1_34' title='bbox 1931 438 2120 540; x_wconf 87' lang='lat' dir='ltr'>quod</span> <span class='ocrx_word' id='word_1_35' title='bbox 2143 440 2318 513; x_wconf 87' lang='lat' dir='ltr'>nulla</span> <span class='ocrx_word' id='word_1_36' title='bbox 2338 468 2437 515; x_wconf 88' lang='lat' dir='ltr'>res</span> <span class='ocrx_word' id='word_1_37' title='bbox 2451 467 2663 517; x_wconf 86' lang='lat' dir='ltr'>creata</span> <span class='ocrx_word' id='word_1_38' title='bbox 2678 450 2811 518; x_wconf 85' lang='lat' dir='ltr'>exi-</span> <span class='ocrx_word' id='word_1_39' title='bbox 2906 474 2919 481; x_wconf 91' lang='lat'><strong>·</strong></span> 
     </span>
    </p>

    <p class='ocr_par' dir='ltr' id='par_1_2' title="bbox 436 546 2657 615">
     <span class='ocr_line' id='line_1_5' title="bbox 436 546 2657 615; baseline 0.001 -2"><span class='ocrx_word' id='word_1_40' title='bbox 436 546 501 613; x_wconf 82' lang='lat' dir='ltr'>‘t.</span> <span class='ocrx_word' id='word_1_41' title='bbox 550 546 633 612; x_wconf 84' lang='lat' dir='ltr'>Et</span> <span class='ocrx_word' id='word_1_42' title='bbox 682 569 748 615; x_wconf 90' lang='lat' dir='ltr'>o.</span> <span class='ocrx_word' id='word_1_43' title='bbox 1728 566 1737 573; x_wconf 89' lang='grc'><em>·</em></span> <span class='ocrx_word' id='word_1_44' title='bbox 2644 596 2657 605; x_wconf 83' lang='lat'>-</span> 
     </span>
    </p>

    <p class='ocr_par' dir='ltr' id='par_1_3' title="bbox 361 569 2802 1036">
     <span class='ocr_line' id='line_1_6' title="bbox 387 569 2802 744; baseline 0.002 -33"><span class='ocrx_word' id='word_1_45' title='bbox 387 708 392 711; x_wconf 84' lang='lat'>.</span> <span class='ocrx_word' id='word_1_46' title='bbox 478 667 509 713; x_wconf 87' lang='lat'>1</span> <span class='ocrx_word' id='word_1_47' title='bbox 523 667 585 715; x_wconf 83' lang='lat'>2.</span> <span class='ocrx_word' id='word_1_48' title='bbox 631 569 822 742; x_wconf 65' lang='lat' dir='ltr'>Agaajor</span> <span class='ocrx_word' id='word_1_49' title='bbox 848 637 1169 741; x_wconf 84' lang='lat' dir='ltr'>probatur</span> <span class='ocrx_word' id='word_1_50' title='bbox 1187 638 1225 709; x_wconf 75' lang='grc' dir='ltr'><em>ὲ</em></span> <span class='ocrx_word' id='word_1_51' title='bbox 1247 643 1524 713; x_wconf 90' lang='lat' dir='ltr'>notione</span> <span class='ocrx_word' id='word_1_52' title='bbox 1538 636 1646 713; x_wconf 89' lang='lat' dir='ltr'>seu</span> <span class='ocrx_word' id='word_1_53' title='bbox 1664 638 2048 716; x_wconf 80' lang='lat' dir='ltr'>definitione</span> <span class='ocrx_word' id='word_1_54' title='bbox 2071 642 2255 726; x_wconf 76' lang='lat' dir='ltr'>Vnici3</span> <span class='ocrx_word' id='word_1_55' title='bbox 2304 652 2533 712; x_wconf 75' lang='lat' dir='ltr'>Vnicum</span> <span class='ocrx_word' id='word_1_56' title='bbox 2553 644 2802 744; x_wconf 85' lang='lat' dir='ltr'>quippe</span> 
     </span>
     <span class='ocr_line' id='line_1_7' title="bbox 370 738 2801 842; baseline -0.001 -25"><span class='ocrx_word' id='word_1_57' title='bbox 370 738 645 818; x_wconf 81' lang='lat' dir='ltr'>dicitur,</span> <span class='ocrx_word' id='word_1_58' title='bbox 682 738 1300 842; x_wconf 78' lang='lat' dir='ltr'>praeterquodaliud</span> <span class='ocrx_word' id='word_1_59' title='bbox 1317 738 1600 831; x_wconf 85' lang='lat' dir='ltr'>ejusdem</span> <span class='ocrx_word' id='word_1_60' title='bbox 1625 746 1881 841; x_wconf 85' lang='lat' dir='ltr'>generis</span> <span class='ocrx_word' id='word_1_61' title='bbox 1900 797 1923 829; x_wconf 87' lang='lat'>,</span> <span class='ocrx_word' id='word_1_62' title='bbox 1955 767 2236 818; x_wconf 70' lang='lat' dir='ltr'>naturae,</span> <span class='ocrx_word' id='word_1_63' title='bbox 2275 745 2606 828; x_wconf 85' lang='lat' dir='ltr'>nominis,</span> <span class='ocrx_word' id='word_1_64' title='bbox 2629 769 2801 815; x_wconf 91' lang='lat' dir='ltr'>con-</span> 
     </span>
     <span class='ocr_line' id='line_1_8' title="bbox 365 839 2797 942; baseline 0.002 -29"><span class='ocrx_word' id='word_1_65' title='bbox 365 839 635 914; x_wconf 82' lang='lat' dir='ltr'>ditionis</span> <span class='ocrx_word' id='word_1_66' title='bbox 649 840 903 926; x_wconf 83' lang='lat' dir='ltr'>nullum</span> <span class='ocrx_word' id='word_1_67' title='bbox 924 840 1255 940; x_wconf 83' lang='lat' dir='ltr'>reperitur.</span> <span class='ocrx_word' id='word_1_68' title='bbox 1314 841 1549 938; x_wconf 86' lang='lat' dir='ltr'>Estque</span> <span class='ocrx_word' id='word_1_69' title='bbox 1568 840 1938 942; x_wconf 74' lang='lat' dir='ltr'>propositio</span> <span class='ocrx_word' id='word_1_70' title='bbox 1957 842 2141 915; x_wconf 81' lang='lat' dir='ltr'>illaex</span> <span class='ocrx_word' id='word_1_71' title='bbox 2162 847 2449 914; x_wconf 86' lang='lat' dir='ltr'>terminis</span> <span class='ocrx_word' id='word_1_72' title='bbox 2469 839 2642 916; x_wconf 88' lang='lat' dir='ltr'>adeo</span> <span class='ocrx_word' id='word_1_73' title='bbox 2666 870 2797 917; x_wconf 87' lang='lat' dir='ltr'>no·-</span> 
     </span>
     <span class='ocr_line' id='line_1_9' title="bbox 361 940 1347 1036; baseline -0.001 -23"><span class='ocrx_word' id='word_1_74' title='bbox 361 963 460 1027; x_wconf 62' lang='grc' dir='ltr'>μ,</span> <span class='ocrx_word' id='word_1_75' title='bbox 507 966 584 1025; x_wconf 49' lang='grc' dir='ltr'>,ιιι</span> <span class='ocrx_word' id='word_1_76' title='bbox 596 948 824 1015; x_wconf 92' lang='lat' dir='ltr'>notior</span> <span class='ocrx_word' id='word_1_77' title='bbox 837 940 1026 1023; x_wconf 82' lang='lat' dir='ltr'>reddi</span> <span class='ocrx_word' id='word_1_78' title='bbox 1039 962 1347 1036; x_wconf 86' lang='lat' dir='ltr'>nequeat.</span> 
     </span>
    </p>

    <p class='ocr_par' dir='ltr' id='par_1_4' title="bbox 355 1036 2796 1337">
     <span class='ocr_line' id='line_1_10' title="bbox 459 1036 2794 1140; baseline 0.001 -26"><span class='ocrx_word' id='word_1_79' title='bbox 459 1068 571 1132; x_wconf 84' lang='lat'>13.</span> <span class='ocrx_word' id='word_1_80' title='bbox 620 1046 813 1112; x_wconf 81' lang='lat' dir='ltr'>Minor</span> <span class='ocrx_word' id='word_1_81' title='bbox 842 1039 1074 1112; x_wconf 88' lang='lat' dir='ltr'>itidem</span> <span class='ocrx_word' id='word_1_82' title='bbox 1105 1036 1450 1140; x_wconf 64' lang='lat' dir='ltr'>perspectis</span> <span class='ocrx_word' id='word_1_83' title='bbox 1484 1046 1776 1115; x_wconf 86' lang='lat' dir='ltr'>terminis</span> <span class='ocrx_word' id='word_1_84' title='bbox 1812 1041 1849 1112; x_wconf 79' lang='grc' dir='ltr'>ὲ</span> <span class='ocrx_word' id='word_1_85' title='bbox 1869 1040 2251 1115; x_wconf 84' lang='lat' dir='ltr'>definitione</span> <span class='ocrx_word' id='word_1_86' title='bbox 2269 1038 2513 1113; x_wconf 87' lang='lat' dir='ltr'><strong>Mundi</strong></span> <span class='ocrx_word' id='word_1_87' title='bbox 2536 1046 2794 1116; x_wconf 85' lang='lat' dir='ltr'>innote-</span> 
     </span>
     <span class='ocr_line' id='line_1_11' title="bbox 355 1137 2796 1237; baseline 0 -23"><span class='ocrx_word' id='word_1_88' title='bbox 355 1137 492 1223; x_wconf 82' lang='lat' dir='ltr'>scit.</span> <span class='ocrx_word' id='word_1_89' title='bbox 514 1138 821 1216; x_wconf 88' lang='lat' dir='ltr'>Mundus</span> <span class='ocrx_word' id='word_1_90' title='bbox 843 1144 1018 1210; x_wconf 88' lang='lat' dir='ltr'>enim</span> <span class='ocrx_word' id='word_1_91' title='bbox 1043 1141 1133 1209; x_wconf 87' lang='lat' dir='ltr'>est</span> <span class='ocrx_word' id='word_1_92' title='bbox 1160 1163 1377 1209; x_wconf 87' lang='lat' dir='ltr'>rerum</span> <span class='ocrx_word' id='word_1_93' title='bbox 1395 1163 1753 1211; x_wconf 88' lang='lat' dir='ltr'>creatarum</span> <span class='ocrx_word' id='word_1_94' title='bbox 1769 1141 2156 1215; x_wconf 85' lang='lat' dir='ltr'>universum.</span> <span class='ocrx_word' id='word_1_95' title='bbox 2196 1146 2284 1214; x_wconf 87' lang='lat' dir='ltr'>At</span> <span class='ocrx_word' id='word_1_96' title='bbox 2304 1144 2416 1237; x_wconf 90' lang='lat' dir='ltr'>qui</span> <span class='ocrx_word' id='word_1_97' title='bbox 2435 1140 2796 1215; x_wconf 85' lang='lat' dir='ltr'>universum</span> 
     </span>
     <span class='ocr_line' id='line_1_12' title="bbox 356 1236 2795 1337; baseline -0.001 -23"><span class='ocrx_word' id='word_1_98' title='bbox 356 1241 522 1315; x_wconf 90' lang='lat' dir='ltr'>dicit</span> <span class='ocrx_word' id='word_1_99' title='bbox 538 1293 559 1326; x_wconf 90' lang='lat'>,</span> <span class='ocrx_word' id='word_1_100' title='bbox 586 1238 746 1312; x_wconf 83' lang='lat' dir='ltr'>nihil</span> <span class='ocrx_word' id='word_1_101' title='bbox 762 1236 1072 1308; x_wconf 87' lang='lat' dir='ltr'><strong>excludit.</strong></span> <span class='ocrx_word' id='word_1_102' title='bbox 1119 1238 1225 1308; x_wconf 82' lang='lat' dir='ltr'>Est</span> <span class='ocrx_word' id='word_1_103' title='bbox 1243 1236 1537 1307; x_wconf 86' lang='lat' dir='ltr'>Mundus</span> <span class='ocrx_word' id='word_1_104' title='bbox 1557 1245 1623 1311; x_wconf 70' lang='grc' dir='ltr'>τὰ</span> <span class='ocrx_word' id='word_1_105' title='bbox 1639 1249 1782 1310; x_wconf 65' lang='grc' dir='ltr'>πᾶν.</span> <span class='ocrx_word' id='word_1_106' title='bbox 1834 1243 1923 1308; x_wconf 86' lang='lat' dir='ltr'>At</span> <span class='ocrx_word' id='word_1_107' title='bbox 1943 1249 2055 1337; x_wconf 88' lang='lat' dir='ltr'>qui</span> <span class='ocrx_word' id='word_1_108' title='bbox 2072 1267 2270 1313; x_wconf 89' lang='lat' dir='ltr'>omne</span> <span class='ocrx_word' id='word_1_109' title='bbox 2291 1240 2450 1310; x_wconf 90' lang='lat' dir='ltr'>dicit</span> <span class='ocrx_word' id='word_1_110' title='bbox 2465 1289 2486 1322; x_wconf 89' lang='lat'>,</span> <span class='ocrx_word' id='word_1_111' title='bbox 2507 1236 2672 1307; x_wconf 88' lang='lat' dir='ltr'>nihil</span> <span class='ocrx_word' id='word_1_112' title='bbox 2688 1267 2795 1312; x_wconf 87' lang='lat' dir='ltr'>ex-</span> 
     </span>
    </p>
   </div>
   <div class='ocr_carea' id='block_1_2' title="bbox 353 1343 2793 1597">
    <p class='ocr_par' dir='ltr' id='par_1_5' title="bbox 353 1343 2793 1597">
     <span class='ocr_line' id='line_1_13' title="bbox 353 1343 2793 1438; baseline -0 -26"><span class='ocrx_word' id='word_1_113' title='bbox 353 1344 541 1438; x_wconf 86' lang='lat' dir='ltr'>cipit.</span> <span class='ocrx_word' id='word_1_114' title='bbox 628 1343 780 1431; x_wconf 79' lang='lat' dir='ltr'>Q</span> <span class='ocrx_word' id='word_1_115' title='bbox 814 1358 1030 1406; x_wconf 85' lang='lat' dir='ltr'>totam</span> <span class='ocrx_word' id='word_1_116' title='bbox 1059 1360 1275 1405; x_wconf 85' lang='lat' dir='ltr'>rerum</span> <span class='ocrx_word' id='word_1_117' title='bbox 1305 1359 1773 1430; x_wconf 87' lang='lat' dir='ltr'>corporearum</span> <span class='ocrx_word' id='word_1_118' title='bbox 1813 1347 2224 1433; x_wconf 84' lang='lat' dir='ltr'>congeriem,</span> <span class='ocrx_word' id='word_1_119' title='bbox 2274 1360 2519 1432; x_wconf 90' lang='lat' dir='ltr'>quanta</span> <span class='ocrx_word' id='word_1_120' title='bbox 2552 1362 2793 1432; x_wconf 84' lang='lat' dir='ltr'>quanta</span> 
     </span>
     <span class='ocr_line' id='line_1_14' title="bbox 353 1431 2786 1597; baseline 0.001 -90"><span class='ocrx_word' id='word_1_121' title='bbox 353 1439 448 1507; x_wconf 87' lang='lat' dir='ltr'>est</span> <span class='ocrx_word' id='word_1_122' title='bbox 464 1487 488 1518; x_wconf 87' lang='lat'>‚</span> <span class='ocrx_word' id='word_1_123' title='bbox 522 1436 767 1507; x_wconf 81' lang='lat' dir='ltr'>Mundi</span> <span class='ocrx_word' id='word_1_124' title='bbox 789 1439 1062 1517; x_wconf 78' lang='lat' dir='ltr'>nornine</span> <span class='ocrx_word' id='word_1_125' title='bbox 1081 1442 1151 1506; x_wconf 74' lang='grc' dir='ltr'>δε</span> <span class='ocrx_word' id='word_1_126' title='bbox 1175 1438 1453 1504; x_wconf 86' lang='lat' dir='ltr'>notione</span> <span class='ocrx_word' id='word_1_127' title='bbox 1473 1431 1932 1597; x_wconf 61' lang='lat' dir='ltr'>complectitur</span> <span class='ocrx_word' id='word_1_128' title='bbox 1949 1478 1971 1510; x_wconf 86' lang='lat'>,</span> <span class='ocrx_word' id='word_1_129' title='bbox 2020 1440 2111 1504; x_wconf 89' lang='lat' dir='ltr'>uti</span> <span class='ocrx_word' id='word_1_130' title='bbox 2132 1431 2401 1506; x_wconf 83' lang='lat' dir='ltr'>facimus</span> <span class='ocrx_word' id='word_1_131' title='bbox 2421 1440 2786 1509; x_wconf 65' lang='lat' dir='ltr'>rectamn-</span> 
     </span>
    </p>
   </div>
   <div class='ocr_carea' id='block_1_3' title="bbox 322 1526 2791 4022">
    <p class='ocr_par' dir='ltr' id='par_1_6' title="bbox 352 1526 2791 2028">
     <span class='ocr_line' id='line_1_15' title="bbox 359 1526 2791 1631; baseline -0.003 -26"><span class='ocrx_word' id='word_1_132' title='bbox 359 1539 615 1617; x_wconf 83' lang='lat' dir='ltr'>tionem</span> <span class='ocrx_word' id='word_1_133' title='bbox 641 1541 712 1605; x_wconf 82' lang='lat'>&amp;</span> <span class='ocrx_word' id='word_1_134' title='bbox 737 1530 1051 1631; x_wconf 86' lang='lat' dir='ltr'>sapientes</span> <span class='ocrx_word' id='word_1_135' title='bbox 1070 1536 1244 1604; x_wconf 89' lang='lat' dir='ltr'>viros</span> <span class='ocrx_word' id='word_1_136' title='bbox 1263 1536 1498 1605; x_wconf 88' lang='lat' dir='ltr'>imitati</span> <span class='ocrx_word' id='word_1_137' title='bbox 1518 1574 1540 1609; x_wconf 87' lang='lat'>,</span> <span class='ocrx_word' id='word_1_138' title='bbox 1562 1535 1628 1599; x_wconf 89' lang='lat' dir='ltr'>ni</span> <span class='ocrx_word' id='word_1_139' title='bbox 1676 1526 1724 1596; x_wconf 90' lang='lat' dir='ltr'>il</span> <span class='ocrx_word' id='word_1_140' title='bbox 1741 1534 1990 1604; x_wconf 89' lang='lat' dir='ltr'>omittit</span> <span class='ocrx_word' id='word_1_141' title='bbox 2003 1557 2234 1607; x_wconf 80' lang='lat' dir='ltr'>eorum</span> <span class='ocrx_word' id='word_1_142' title='bbox 2256 1558 2396 1628; x_wconf 81' lang='lat' dir='ltr'>quae</span> <span class='ocrx_word' id='word_1_143' title='bbox 2416 1537 2597 1607; x_wconf 84' lang='lat' dir='ltr'>Deus</span> <span class='ocrx_word' id='word_1_144' title='bbox 2616 1559 2791 1608; x_wconf 77' lang='lat' dir='ltr'>crea-</span> 
     </span>
     <span class='ocr_line' id='line_1_16' title="bbox 359 1625 2785 1733; baseline 0.002 -29"><span class='ocrx_word' id='word_1_145' title='bbox 359 1639 455 1705; x_wconf 88' lang='lat' dir='ltr'>vit</span> <span class='ocrx_word' id='word_1_146' title='bbox 475 1683 497 1716; x_wconf 93' lang='lat'>,</span> <span class='ocrx_word' id='word_1_147' title='bbox 537 1628 643 1702; x_wconf 88' lang='lat' dir='ltr'>sed</span> <span class='ocrx_word' id='word_1_148' title='bbox 662 1638 888 1702; x_wconf 88' lang='lat' dir='ltr'>omnia</span> <span class='ocrx_word' id='word_1_149' title='bbox 910 1636 1095 1704; x_wconf 85' lang='lat' dir='ltr'>unius</span> <span class='ocrx_word' id='word_1_150' title='bbox 1113 1630 1570 1732; x_wconf 81' lang='lat' dir='ltr'>appellationis</span> <span class='ocrx_word' id='word_1_151' title='bbox 1590 1625 1843 1701; x_wconf 85' lang='lat' dir='ltr'>ambitu</span> <span class='ocrx_word' id='word_1_152' title='bbox 1862 1629 2171 1733; x_wconf 86' lang='lat' dir='ltr'>designat.</span> <span class='ocrx_word' id='word_1_153' title='bbox 2232 1630 2423 1705; x_wconf 89' lang='lat' dir='ltr'>Plato</span> <span class='ocrx_word' id='word_1_154' title='bbox 2442 1636 2511 1703; x_wconf 91' lang='lat' dir='ltr'>in</span> <span class='ocrx_word' id='word_1_155' title='bbox 2534 1634 2785 1709; x_wconf 81' lang='lat' dir='ltr'>Theaet.</span> 
     </span>
     <span class='ocr_line' id='line_1_17' title="bbox 361 1726 2784 1826; baseline 0 -27"><span class='ocrx_word' id='word_1_156' title='bbox 361 1743 549 1803; x_wconf 82' lang='lat' dir='ltr'>omne</span> <span class='ocrx_word' id='word_1_157' title='bbox 582 1755 763 1805; x_wconf 84' lang='lat' dir='ltr'>nonne</span> <span class='ocrx_word' id='word_1_158' title='bbox 798 1757 872 1803; x_wconf 82' lang='lat' dir='ltr'>ex</span> <span class='ocrx_word' id='word_1_159' title='bbox 896 1755 958 1801; x_wconf 83' lang='lat' dir='ltr'>eo</span> <span class='ocrx_word' id='word_1_160' title='bbox 989 1755 1148 1807; x_wconf 84' lang='lat' dir='ltr'>omne</span> <span class='ocrx_word' id='word_1_161' title='bbox 1164 1735 1310 1823; x_wconf 79' lang='lat' dir='ltr'>quod</span> <span class='ocrx_word' id='word_1_162' title='bbox 1331 1733 1481 1802; x_wconf 79' lang='lat' dir='ltr'>nihil</span> <span class='ocrx_word' id='word_1_163' title='bbox 1491 1726 1677 1824; x_wconf 78' lang='lat' dir='ltr'>deest?</span> <span class='ocrx_word' id='word_1_164' title='bbox 1715 1741 1916 1802; x_wconf 80' lang='lat' dir='ltr'>Totum</span> <span class='ocrx_word' id='word_1_165' title='bbox 1933 1755 2144 1826; x_wconf 77' lang='lat' dir='ltr'>quoque</span> <span class='ocrx_word' id='word_1_166' title='bbox 2155 1754 2334 1805; x_wconf 79' lang='lat' dir='ltr'>nonne</span> <span class='ocrx_word' id='word_1_167' title='bbox 2350 1736 2547 1806; x_wconf 73' lang='lat' dir='ltr'>eadem</span> <span class='ocrx_word' id='word_1_168' title='bbox 2566 1738 2784 1807; x_wconf 69' lang='lat' dir='ltr'>ratione</span> 
     </span>
     <span class='ocr_line' id='line_1_18' title="bbox 352 1827 1044 1925; baseline -0.003 -25"><span class='ocrx_word' id='word_1_169' title='bbox 352 1847 536 1903; x_wconf 77' lang='lat' dir='ltr'>totum</span> <span class='ocrx_word' id='word_1_170' title='bbox 547 1837 685 1921; x_wconf 75' lang='lat' dir='ltr'>quia</span> <span class='ocrx_word' id='word_1_171' title='bbox 699 1834 845 1901; x_wconf 78' lang='lat' dir='ltr'>nibil</span> <span class='ocrx_word' id='word_1_172' title='bbox 855 1827 1001 1925; x_wconf 77' lang='lat' dir='ltr'>abest</span> <span class='ocrx_word' id='word_1_173' title='bbox 1017 1834 1044 1898; x_wconf 65' lang='grc' dir='ltr'><em>ἒ</em></span> 
     </span>
     <span class='ocr_line' id='line_1_19' title="bbox 459 1923 2779 2028; baseline 0.003 -29"><span class='ocrx_word' id='word_1_174' title='bbox 459 1956 566 2020; x_wconf 85' lang='lat'>14.</span> <span class='ocrx_word' id='word_1_175' title='bbox 605 1929 840 2017; x_wconf 25' lang='lat' dir='ltr'>‘Plures</span> <span class='ocrx_word' id='word_1_176' title='bbox 877 1954 1094 2013; x_wconf 83' lang='lat' dir='ltr'>terum</span> <span class='ocrx_word' id='word_1_177' title='bbox 1131 1926 1566 2003; x_wconf 83' lang='lat' dir='ltr'>universitates</span> <span class='ocrx_word' id='word_1_178' title='bbox 1599 1925 1839 2028; x_wconf 84' lang='lat' dir='ltr'>absque</span> <span class='ocrx_word' id='word_1_179' title='bbox 1864 1923 2201 2002; x_wconf 84' lang='lat' dir='ltr'>manifesta</span> <span class='ocrx_word' id='word_1_180' title='bbox 2233 1930 2779 2006; x_wconf 57' lang='lat' dir='ltr'>contradictionis</span> 
     </span>
    </p>

    <p class='ocr_par' dir='ltr' id='par_1_7' title="bbox 336 2026 2775 2623">
     <span class='ocr_line' id='line_1_20' title="bbox 344 2026 2775 2130; baseline 0.002 -31"><span class='ocrx_word' id='word_1_181' title='bbox 344 2032 415 2107; x_wconf 81' lang='lat' dir='ltr'>in</span> <span class='ocrx_word' id='word_1_182' title='bbox 429 2026 696 2124; x_wconf 64' lang='lat' dir='ltr'>adjecto</span> <span class='ocrx_word' id='word_1_183' title='bbox 715 2027 964 2101; x_wconf 80' lang='lat' dir='ltr'>admiffi</span> <span class='ocrx_word' id='word_1_184' title='bbox 972 2053 1100 2100; x_wconf 90' lang='lat' dir='ltr'>one</span> <span class='ocrx_word' id='word_1_185' title='bbox 1116 2027 1303 2100; x_wconf 90' lang='lat' dir='ltr'>statui</span> <span class='ocrx_word' id='word_1_186' title='bbox 1326 2053 1464 2113; x_wconf 86' lang='lat' dir='ltr'>non</span> <span class='ocrx_word' id='word_1_187' title='bbox 1476 2026 1763 2130; x_wconf 68' lang='lat' dir='ltr'>possunt.</span> <span class='ocrx_word' id='word_1_188' title='bbox 1816 2034 1955 2121; x_wconf 90' lang='lat' dir='ltr'>Qui</span> <span class='ocrx_word' id='word_1_189' title='bbox 1976 2034 2154 2109; x_wconf 87' lang='lat' dir='ltr'>enim</span> <span class='ocrx_word' id='word_1_190' title='bbox 2170 2056 2387 2105; x_wconf 88' lang='lat' dir='ltr'>rerum</span> <span class='ocrx_word' id='word_1_191' title='bbox 2402 2028 2775 2109; x_wconf 79' lang='lat' dir='ltr'>universita-</span> 
     </span>
     <span class='ocr_line' id='line_1_21' title="bbox 343 2126 2772 2228; baseline 0.001 -25"><span class='ocrx_word' id='word_1_192' title='bbox 343 2150 477 2214; x_wconf 73' lang='lat' dir='ltr'>tem</span> <span class='ocrx_word' id='word_1_193' title='bbox 497 2133 726 2228; x_wconf 89' lang='lat' dir='ltr'>ponit,</span> <span class='ocrx_word' id='word_1_194' title='bbox 759 2126 1243 2218; x_wconf 83' lang='lat' dir='ltr'>multitudinem</span> <span class='ocrx_word' id='word_1_195' title='bbox 1257 2126 1424 2201; x_wconf 83' lang='lat' dir='ltr'>illius</span> <span class='ocrx_word' id='word_1_196' title='bbox 1443 2126 1808 2202; x_wconf 69' lang='lat' dir='ltr'>universatis</span> <span class='ocrx_word' id='word_1_197' title='bbox 1835 2127 2010 2201; x_wconf 84' lang='lat' dir='ltr'>tollit</span> <span class='ocrx_word' id='word_1_198' title='bbox 2028 2174 2052 2207; x_wconf 74' lang='lat'><em>2</em></span> <span class='ocrx_word' id='word_1_199' title='bbox 2075 2138 2145 2203; x_wconf 77' lang='grc' dir='ltr'>δε</span> <span class='ocrx_word' id='word_1_200' title='bbox 2167 2132 2306 2205; x_wconf 89' lang='lat' dir='ltr'>vice</span> <span class='ocrx_word' id='word_1_201' title='bbox 2332 2131 2526 2207; x_wconf 71' lang='lat' dir='ltr'>versa.</span> <span class='ocrx_word' id='word_1_202' title='bbox 2585 2134 2772 2206; x_wconf 84' lang='lat' dir='ltr'>Nam</span> 
     </span>
     <span class='ocr_line' id='line_1_22' title="bbox 341 2224 2769 2332; baseline 0.003 -33"><span class='ocrx_word' id='word_1_203' title='bbox 341 2224 478 2299; x_wconf 90' lang='lat' dir='ltr'>siin</span> <span class='ocrx_word' id='word_1_204' title='bbox 502 2253 640 2299; x_wconf 92' lang='lat' dir='ltr'>uno</span> <span class='ocrx_word' id='word_1_205' title='bbox 664 2226 811 2302; x_wconf 89' lang='lat' dir='ltr'>sunt</span> <span class='ocrx_word' id='word_1_206' title='bbox 832 2236 1052 2302; x_wconf 88' lang='lat' dir='ltr'>omnia</span> <span class='ocrx_word' id='word_1_207' title='bbox 1067 2273 1089 2308; x_wconf 89' lang='lat'>‚</span> <span class='ocrx_word' id='word_1_208' title='bbox 1124 2227 1289 2327; x_wconf 89' lang='lat' dir='ltr'>quid</span> <span class='ocrx_word' id='word_1_209' title='bbox 1306 2236 1505 2327; x_wconf 62' lang='lat' dir='ltr'>eritjn</span> <span class='ocrx_word' id='word_1_210' title='bbox 1528 2230 1837 2327; x_wconf 74' lang='lat' dir='ltr'>reliquis?</span> <span class='ocrx_word' id='word_1_211' title='bbox 1865 2235 1930 2302; x_wconf 86' lang='lat' dir='ltr'>Si</span> <span class='ocrx_word' id='word_1_212' title='bbox 1951 2228 2179 2301; x_wconf 87' lang='lat' dir='ltr'>mundi</span> <span class='ocrx_word' id='word_1_213' title='bbox 2204 2231 2417 2332; x_wconf 89' lang='lat' dir='ltr'>plures</span> <span class='ocrx_word' id='word_1_214' title='bbox 2434 2231 2573 2307; x_wconf 88' lang='lat' dir='ltr'>sunt</span> <span class='ocrx_word' id='word_1_215' title='bbox 2587 2283 2609 2318; x_wconf 87' lang='lat'>‚</span> <span class='ocrx_word' id='word_1_216' title='bbox 2628 2259 2769 2305; x_wconf 90' lang='lat' dir='ltr'>non</span> 
     </span>
     <span class='ocr_line' id='line_1_23' title="bbox 336 2324 2766 2432; baseline 0.002 -33"><span class='ocrx_word' id='word_1_217' title='bbox 336 2351 526 2416; x_wconf 78' lang='lat' dir='ltr'>erunt</span> <span class='ocrx_word' id='word_1_218' title='bbox 540 2324 848 2427; x_wconf 59' lang='lat' dir='ltr'>profecto</span> <span class='ocrx_word' id='word_1_219' title='bbox 915 2329 1086 2401; x_wconf 81' lang='lat' dir='ltr'>iures</span> <span class='ocrx_word' id='word_1_220' title='bbox 1103 2353 1319 2400; x_wconf 90' lang='lat' dir='ltr'>rerum</span> <span class='ocrx_word' id='word_1_221' title='bbox 1334 2326 1773 2403; x_wconf 68' lang='lat' dir='ltr'>universitates</span> <span class='ocrx_word' id='word_1_222' title='bbox 1795 2379 1817 2413; x_wconf 87' lang='lat'><strong>,</strong></span> <span class='ocrx_word' id='word_1_223' title='bbox 1850 2330 2073 2402; x_wconf 79' lang='lat' dir='ltr'>verum</span> <span class='ocrx_word' id='word_1_224' title='bbox 2095 2381 2118 2415; x_wconf 86' lang='lat'>‚</span> <span class='ocrx_word' id='word_1_225' title='bbox 2146 2352 2220 2402; x_wconf 91' lang='lat' dir='ltr'>ut</span> <span class='ocrx_word' id='word_1_226' title='bbox 2236 2329 2318 2403; x_wconf 87' lang='lat' dir='ltr'>fic</span> <span class='ocrx_word' id='word_1_227' title='bbox 2333 2334 2549 2406; x_wconf 88' lang='lat' dir='ltr'>dicam</span> <span class='ocrx_word' id='word_1_228' title='bbox 2567 2386 2590 2418; x_wconf 87' lang='lat'><strong>,</strong></span> <span class='ocrx_word' id='word_1_229' title='bbox 2610 2358 2766 2432; x_wconf 88' lang='lat' dir='ltr'>par-</span> 
     </span>
     <span class='ocr_line' id='line_1_24' title="bbox 339 2357 2765 2530; baseline 0.001 -32"><span class='ocrx_word' id='word_1_230' title='bbox 339 2425 760 2499; x_wconf 82' lang='lat' dir='ltr'>ticularitates</span> <span class='ocrx_word' id='word_1_231' title='bbox 787 2357 912 2512; x_wconf 19' lang='lat' dir='ltr'>dvc?</span> <span class='ocrx_word' id='word_1_232' title='bbox 960 2426 1366 2512; x_wconf 85' lang='lat' dir='ltr'>artialitates,</span> <span class='ocrx_word' id='word_1_233' title='bbox 1399 2428 1700 2523; x_wconf 80' lang='lat' dir='ltr'>adeoque</span> <span class='ocrx_word' id='word_1_234' title='bbox 1728 2452 1852 2499; x_wconf 90' lang='lat' dir='ltr'>nec</span> <span class='ocrx_word' id='word_1_235' title='bbox 1876 2428 2101 2501; x_wconf 85' lang='lat' dir='ltr'>mundi</span> <span class='ocrx_word' id='word_1_236' title='bbox 2118 2455 2339 2517; x_wconf 87' lang='lat' dir='ltr'>erunt,</span> <span class='ocrx_word' id='word_1_237' title='bbox 2382 2459 2467 2504; x_wconf 90' lang='lat' dir='ltr'>eo</span> <span class='ocrx_word' id='word_1_238' title='bbox 2488 2430 2765 2530; x_wconf 86' lang='lat' dir='ltr'>quidem</span> 
     </span>
     <span class='ocr_line' id='line_1_25' title="bbox 337 2520 2677 2623; baseline -0.003 -25"><span class='ocrx_word' id='word_1_239' title='bbox 337 2520 517 2606; x_wconf 79' lang='lat' dir='ltr'>sensu</span> <span class='ocrx_word' id='word_1_240' title='bbox 530 2531 747 2622; x_wconf 89' lang='lat' dir='ltr'>quoin</span> <span class='ocrx_word' id='word_1_241' title='bbox 761 2550 888 2622; x_wconf 81' lang='lat' dir='ltr'>prae</span> <span class='ocrx_word' id='word_1_242' title='bbox 912 2530 1083 2596; x_wconf 89' lang='lat' dir='ltr'>entia</span> <span class='ocrx_word' id='word_1_243' title='bbox 1104 2524 1188 2594; x_wconf 88' lang='lat' dir='ltr'>de</span> <span class='ocrx_word' id='word_1_244' title='bbox 1212 2525 1467 2620; x_wconf 84' lang='lat' dir='ltr'>mundo</span> <span class='ocrx_word' id='word_1_245' title='bbox 1481 2526 1912 2623; x_wconf 73' lang='lat' dir='ltr'>disputamus.</span> <span class='ocrx_word' id='word_1_246' title='bbox 2338 2603 2343 2612; x_wconf 29' lang='lat'><strong>¹</strong></span> <span class='ocrx_word' id='word_1_247' title='bbox 2466 2525 2473 2533; x_wconf 82' lang='grc'><strong><em>’</em></strong></span> <span class='ocrx_word' id='word_1_248' title='bbox 2669 2603 2677 2611; x_wconf 43' lang='grc'>,</span> 
     </span>
    </p>

    <p class='ocr_par' dir='ltr' id='par_1_8' title="bbox 322 2620 2762 4022">
     <span class='ocr_line' id='line_1_26' title="bbox 417 2620 2762 2720; baseline 0 -23"><span class='ocrx_word' id='word_1_249' title='bbox 417 2649 561 2716; x_wconf 61' lang='lat' dir='ltr'>r15.</span> <span class='ocrx_word' id='word_1_250' title='bbox 614 2620 963 2696; x_wconf 89' lang='lat' dir='ltr'>Obtendat</span> <span class='ocrx_word' id='word_1_251' title='bbox 975 2625 1243 2720; x_wconf 74' lang='lat' dir='ltr'>aliquis,</span> <span class='ocrx_word' id='word_1_252' title='bbox 1278 2649 1334 2693; x_wconf 80' lang='grc' dir='ltr'>ι.</span> <span class='ocrx_word' id='word_1_253' title='bbox 1367 2648 1506 2694; x_wconf 90' lang='lat' dir='ltr'>non</span> <span class='ocrx_word' id='word_1_254' title='bbox 1530 2623 1707 2719; x_wconf 82' lang='lat' dir='ltr'>poffe</span> <span class='ocrx_word' id='word_1_255' title='bbox 1734 2643 2078 2716; x_wconf 77' lang='lat' dir='ltr'>tantopere</span> <span class='ocrx_word' id='word_1_256' title='bbox 2105 2622 2320 2719; x_wconf 73' lang='lat' dir='ltr'>urgeri</span> <span class='ocrx_word' id='word_1_257' title='bbox 2341 2622 2762 2697; x_wconf 76' lang='lat' dir='ltr'>universitatis</span> 
     </span>
     <span class='ocr_line' id='line_1_27' title="bbox 333 2717 2758 2825; baseline -0.001 -31"><span class='ocrx_word' id='word_1_258' title='bbox 333 2721 877 2825; x_wconf 83' lang='lat' dir='ltr'>appellationem,</span> <span class='ocrx_word' id='word_1_259' title='bbox 899 2726 1054 2794; x_wconf 74' lang='lat' dir='ltr'>cum</span> <span class='ocrx_word' id='word_1_260' title='bbox 1070 2726 1161 2794; x_wconf 87' lang='lat' dir='ltr'>vis</span> <span class='ocrx_word' id='word_1_261' title='bbox 1177 2718 1435 2813; x_wconf 88' lang='lat' dir='ltr'>hujusce</span> <span class='ocrx_word' id='word_1_262' title='bbox 1457 2725 1843 2792; x_wconf 85' lang='lat' dir='ltr'>nominisac</span> <span class='ocrx_word' id='word_1_263' title='bbox 1859 2723 2147 2790; x_wconf 87' lang='lat' dir='ltr'>notionis</span> <span class='ocrx_word' id='word_1_264' title='bbox 2167 2744 2309 2794; x_wconf 88' lang='lat' dir='ltr'>non</span> <span class='ocrx_word' id='word_1_265' title='bbox 2324 2717 2401 2789; x_wconf 88' lang='lat' dir='ltr'>sit</span> <span class='ocrx_word' id='word_1_266' title='bbox 2416 2719 2758 2813; x_wconf 72' lang='lat' dir='ltr'>ejusmodi,</span> 
     </span>
     <span class='ocr_line' id='line_1_28' title="bbox 331 2818 2759 2923; baseline -0.001 -28"><span class='ocrx_word' id='word_1_267' title='bbox 331 2849 480 2923; x_wconf 87' lang='lat' dir='ltr'>quae</span> <span class='ocrx_word' id='word_1_268' title='bbox 499 2849 775 2896; x_wconf 88' lang='lat' dir='ltr'>omnem</span> <span class='ocrx_word' id='word_1_269' title='bbox 796 2819 1142 2916; x_wconf 75' lang='lat' dir='ltr'>necessario</span> <span class='ocrx_word' id='word_1_270' title='bbox 1161 2818 1772 2920; x_wconf 78' lang='lat' dir='ltr'>multiplicationem</span> <span class='ocrx_word' id='word_1_271' title='bbox 1785 2842 2015 2890; x_wconf 90' lang='lat' dir='ltr'>eorum</span> <span class='ocrx_word' id='word_1_272' title='bbox 2033 2870 2054 2903; x_wconf 89' lang='lat'>,</span> <span class='ocrx_word' id='word_1_273' title='bbox 2069 2843 2215 2915; x_wconf 84' lang='lat' dir='ltr'>quae</span> <span class='ocrx_word' id='word_1_274' title='bbox 2232 2822 2514 2891; x_wconf 88' lang='lat' dir='ltr'>universa</span> <span class='ocrx_word' id='word_1_275' title='bbox 2525 2819 2759 2921; x_wconf 82' lang='lat' dir='ltr'>dicun-</span> 
     </span>
     <span class='ocr_line' id='line_1_29' title="bbox 332 2918 2759 3024; baseline -0.002 -28"><span class='ocrx_word' id='word_1_276' title='bbox 332 2946 439 2996; x_wconf 88' lang='lat' dir='ltr'>tur</span> <span class='ocrx_word' id='word_1_277' title='bbox 458 2977 480 3008; x_wconf 91' lang='lat'>‚</span> <span class='ocrx_word' id='word_1_278' title='bbox 557 2926 832 3024; x_wconf 79' lang='lat' dir='ltr'>erpetuo</span> <span class='ocrx_word' id='word_1_279' title='bbox 872 2919 1210 2995; x_wconf 83' lang='lat' dir='ltr'>excludere</span> <span class='ocrx_word' id='word_1_280' title='bbox 1229 2918 1544 2992; x_wconf 84' lang='lat' dir='ltr'>videatur.</span> <span class='ocrx_word' id='word_1_281' title='bbox 1621 2921 1803 2991; x_wconf 89' lang='lat' dir='ltr'>Nam</span> <span class='ocrx_word' id='word_1_282' title='bbox 1827 2919 1978 2991; x_wconf 73' lang='lat' dir='ltr'>cum</span> <span class='ocrx_word' id='word_1_283' title='bbox 2002 2919 2279 3019; x_wconf 85' lang='lat' dir='ltr'>exempli</span> <span class='ocrx_word' id='word_1_284' title='bbox 2296 2918 2486 2992; x_wconf 63' lang='lat' dir='ltr'>causa</span> <span class='ocrx_word' id='word_1_285' title='bbox 2504 2925 2759 3004; x_wconf 78' lang='lat' dir='ltr'>Lutetia</span> 
     </span>
     <span class='ocr_line' id='line_1_30' title="bbox 331 3018 2751 3118; baseline -0.001 -24"><span class='ocrx_word' id='word_1_286' title='bbox 331 3029 386 3097; x_wconf 91' lang='lat' dir='ltr'>P</span> <span class='ocrx_word' id='word_1_287' title='bbox 462 3029 473 3040; x_wconf 85' lang='lat'>&#39;</span> <span class='ocrx_word' id='word_1_288' title='bbox 503 3050 722 3096; x_wconf 84' lang='lat' dir='ltr'>torum</span> <span class='ocrx_word' id='word_1_289' title='bbox 742 3022 1050 3118; x_wconf 86' lang='lat' dir='ltr'>dividitur</span> <span class='ocrx_word' id='word_1_290' title='bbox 1064 3024 1132 3094; x_wconf 90' lang='lat' dir='ltr'>in</span> <span class='ocrx_word' id='word_1_291' title='bbox 1152 3019 1654 3094; x_wconf 84' lang='lat' dir='ltr'>Univerfitatem</span> <span class='ocrx_word' id='word_1_292' title='bbox 1675 3072 1700 3106; x_wconf 87' lang='lat'><strong>,</strong></span> <span class='ocrx_word' id='word_1_293' title='bbox 1725 3018 2058 3114; x_wconf 78' lang='lat' dir='ltr'>l&#39;univerfiee‘</span> <span class='ocrx_word' id='word_1_294' title='bbox 2077 3072 2099 3106; x_wconf 84' lang='lat'>,</span> <span class='ocrx_word' id='word_1_295' title='bbox 2117 3022 2473 3098; x_wconf 83' lang='lat' dir='ltr'>Civitatem</span> <span class='ocrx_word' id='word_1_296' title='bbox 2492 3075 2513 3105; x_wconf 89' lang='lat'>,</span> <span class='ocrx_word' id='word_1_297' title='bbox 2532 3025 2590 3104; x_wconf 71' lang='lat' dir='ltr'>sa</span> <span class='ocrx_word' id='word_1_298' title='bbox 2606 3020 2751 3109; x_wconf 62' lang='grc' dir='ltr'><em>εἰπέ,</em></span> 
     </span>
     <span class='ocr_line' id='line_1_31' title="bbox 337 3116 2754 3213; baseline -0.002 -15"><span class='ocrx_word' id='word_1_299' title='bbox 337 3132 412 3198; x_wconf 90' lang='lat'>&amp;</span> <span class='ocrx_word' id='word_1_300' title='bbox 444 3121 700 3197; x_wconf 82' lang='lat' dir='ltr'>Urbem</span> <span class='ocrx_word' id='word_1_301' title='bbox 720 3169 743 3200; x_wconf 85' lang='lat'>‚</span> <span class='ocrx_word' id='word_1_302' title='bbox 776 3123 1020 3208; x_wconf 76' lang='lat' dir='ltr'>saville,</span> <span class='ocrx_word' id='word_1_303' title='bbox 1060 3146 1199 3191; x_wconf 89' lang='lat' dir='ltr'>non</span> <span class='ocrx_word' id='word_1_304' title='bbox 1234 3124 1458 3213; x_wconf 82' lang='lat' dir='ltr'>omnia</span> <span class='ocrx_word' id='word_1_305' title='bbox 1471 3116 1583 3191; x_wconf 87' lang='lat' dir='ltr'>sub</span> <span class='ocrx_word' id='word_1_306' title='bbox 1603 3116 2006 3192; x_wconf 80' lang='lat' dir='ltr'>universitate</span> <span class='ocrx_word' id='word_1_307' title='bbox 2024 3117 2332 3191; x_wconf 89' lang='lat' dir='ltr'>concludi</span> <span class='ocrx_word' id='word_1_308' title='bbox 2347 3117 2754 3204; x_wconf 81' lang='lat' dir='ltr'>manifestum</span> 
     </span>
     <span class='ocr_line' id='line_1_32' title="bbox 335 3216 2748 3321; baseline 0.001 -30"><span class='ocrx_word' id='word_1_309' title='bbox 335 3221 449 3307; x_wconf 68' lang='lat' dir='ltr'>est.</span> <span class='ocrx_word' id='word_1_310' title='bbox 502 3226 581 3294; x_wconf 86' lang='lat' dir='ltr'>Et</span> <span class='ocrx_word' id='word_1_311' title='bbox 614 3221 778 3321; x_wconf 78' lang='lat' dir='ltr'>quid</span> <span class='ocrx_word' id='word_1_312' title='bbox 823 3226 1060 3314; x_wconf 11' lang='lat' dir='ltr'>not-ius*</span> <span class='ocrx_word' id='word_1_313' title='bbox 1080 3221 1172 3292; x_wconf 88' lang='lat' dir='ltr'>est</span> <span class='ocrx_word' id='word_1_314' title='bbox 1199 3220 1398 3319; x_wconf 68' lang='lat' dir='ltr'>quam</span> <span class='ocrx_word' id='word_1_315' title='bbox 1431 3218 1570 3290; x_wconf 86' lang='lat' dir='ltr'>dari</span> <span class='ocrx_word' id='word_1_316' title='bbox 1588 3218 1806 3319; x_wconf 87' lang='lat' dir='ltr'>plures</span> <span class='ocrx_word' id='word_1_317' title='bbox 1828 3216 2264 3290; x_wconf 82' lang='lat' dir='ltr'>universitates</span> <span class='ocrx_word' id='word_1_318' title='bbox 2285 3220 2748 3308; x_wconf 78' lang='lat' dir='ltr'>Academicas,</span> 
     </span>
     <span class='ocr_line' id='line_1_33' title="bbox 335 3316 2750 3420; baseline 0 -30"><span class='ocrx_word' id='word_1_319' title='bbox 335 3320 472 3392; x_wconf 91' lang='lat' dir='ltr'>hoc</span> <span class='ocrx_word' id='word_1_320' title='bbox 501 3322 626 3399; x_wconf 86' lang='lat' dir='ltr'>est,</span> <span class='ocrx_word' id='word_1_321' title='bbox 656 3329 722 3393; x_wconf 88' lang='lat' dir='ltr'>in</span> <span class='ocrx_word' id='word_1_322' title='bbox 753 3318 992 3420; x_wconf 78' lang='lat' dir='ltr'>quibus</span> <span class='ocrx_word' id='word_1_323' title='bbox 1016 3347 1247 3414; x_wconf 84' lang='lat' dir='ltr'>omnes</span> <span class='ocrx_word' id='word_1_324' title='bbox 1268 3318 1561 3392; x_wconf 87' lang='lat' dir='ltr'>liberales</span> <span class='ocrx_word' id='word_1_325' title='bbox 1592 3341 1758 3389; x_wconf 88' lang='lat' dir='ltr'>artes</span> <span class='ocrx_word' id='word_1_326' title='bbox 1779 3372 1800 3403; x_wconf 91' lang='lat'>,</span> <span class='ocrx_word' id='word_1_327' title='bbox 1835 3342 2064 3388; x_wconf 87' lang='lat' dir='ltr'>omnes</span> <span class='ocrx_word' id='word_1_328' title='bbox 2083 3316 2423 3416; x_wconf 68' lang='lat' dir='ltr'>disciplina:</span> <span class='ocrx_word' id='word_1_329' title='bbox 2448 3330 2516 3392; x_wconf 68' lang='grc' dir='ltr'>ὃς</span> <span class='ocrx_word' id='word_1_330' title='bbox 2542 3317 2750 3393; x_wconf 90' lang='lat' dir='ltr'>facul-</span> 
     </span>
     <span class='ocr_line' id='line_1_34' title="bbox 333 3414 2748 3517; baseline -0.003 -21"><span class='ocrx_word' id='word_1_331' title='bbox 333 3444 498 3496; x_wconf 81' lang='lat' dir='ltr'>tates</span> <span class='ocrx_word' id='word_1_332' title='bbox 538 3419 860 3494; x_wconf 88' lang='lat' dir='ltr'>docentur</span> <span class='ocrx_word' id='word_1_333' title='bbox 885 3439 906 3492; x_wconf 73' lang='lat'>?</span> <span class='ocrx_word' id='word_1_334' title='bbox 941 3415 1358 3504; x_wconf 82' lang='lat' dir='ltr'>Coloniensis</span> <span class='ocrx_word' id='word_1_335' title='bbox 1390 3415 1759 3491; x_wconf 70' lang='lat' dir='ltr'>universitas</span> <span class='ocrx_word' id='word_1_336' title='bbox 1793 3442 1931 3487; x_wconf 90' lang='lat' dir='ltr'>non</span> <span class='ocrx_word' id='word_1_337' title='bbox 1972 3414 2145 3494; x_wconf 84' lang='lat' dir='ltr'>tollit</span> <span class='ocrx_word' id='word_1_338' title='bbox 2167 3416 2555 3517; x_wconf 82' lang='lat' dir='ltr'>Lipsiensem</span> <span class='ocrx_word' id='word_1_339' title='bbox 2571 3476 2586 3501; x_wconf 88' lang='lat'>,</span> <span class='ocrx_word' id='word_1_340' title='bbox 2624 3444 2748 3490; x_wconf 88' lang='lat' dir='ltr'>nec</span> 
     </span>
     <span class='ocr_line' id='line_1_35' title="bbox 331 3514 2742 3621; baseline -0.001 -29"><span class='ocrx_word' id='word_1_341' title='bbox 331 3516 662 3621; x_wconf 83' lang='lat' dir='ltr'>Lipsiensis</span> <span class='ocrx_word' id='word_1_342' title='bbox 674 3516 1261 3620; x_wconf 86' lang='lat' dir='ltr'>Wittebergensem</span> <span class='ocrx_word' id='word_1_343' title='bbox 1285 3570 1304 3603; x_wconf 91' lang='lat'>,</span> <span class='ocrx_word' id='word_1_344' title='bbox 1329 3544 1544 3616; x_wconf 89' lang='lat' dir='ltr'>neque</span> <span class='ocrx_word' id='word_1_345' title='bbox 1564 3514 1702 3586; x_wconf 84' lang='lat' dir='ltr'>haec</span> <span class='ocrx_word' id='word_1_346' title='bbox 1724 3516 2007 3587; x_wconf 86' lang='lat' dir='ltr'>nostram</span> <span class='ocrx_word' id='word_1_347' title='bbox 2029 3514 2580 3617; x_wconf 88' lang='lat' dir='ltr'>Duisburgensem</span> <span class='ocrx_word' id='word_1_348' title='bbox 2607 3526 2742 3590; x_wconf 82' lang='lat' dir='ltr'>&amp;c.</span> 
     </span>
     <span class='ocr_line' id='line_1_36' title="bbox 329 3612 2746 3719; baseline -0.002 -26"><span class='ocrx_word' id='word_1_349' title='bbox 329 3626 405 3693; x_wconf 89' lang='lat' dir='ltr'>In</span> <span class='ocrx_word' id='word_1_350' title='bbox 439 3621 736 3700; x_wconf 83' lang='lat' dir='ltr'>Politicis</span> <span class='ocrx_word' id='word_1_351' title='bbox 775 3616 1008 3704; x_wconf 86' lang='lat' dir='ltr'>subditi</span> <span class='ocrx_word' id='word_1_352' title='bbox 1036 3614 1325 3719; x_wconf 64' lang='lat' dir='ltr'>respectu</span> <span class='ocrx_word' id='word_1_353' title='bbox 1344 3618 1833 3718; x_wconf 76' lang='lat' dir='ltr'>gubernationis</span> <span class='ocrx_word' id='word_1_354' title='bbox 1850 3615 2228 3694; x_wconf 83' lang='lat' dir='ltr'>dividuntur</span> <span class='ocrx_word' id='word_1_355' title='bbox 2245 3623 2307 3687; x_wconf 88' lang='lat' dir='ltr'>in</span> <span class='ocrx_word' id='word_1_356' title='bbox 2333 3613 2537 3688; x_wconf 84' lang='lat' dir='ltr'>tribus</span> <span class='ocrx_word' id='word_1_357' title='bbox 2556 3625 2624 3688; x_wconf 89' lang='lat'>&amp;</span> <span class='ocrx_word' id='word_1_358' title='bbox 2641 3612 2746 3687; x_wconf 85' lang='lat' dir='ltr'>so-</span> 
     </span>
     <span class='ocr_line' id='line_1_37' title="bbox 324 3714 2741 3809; baseline -0.002 -19"><span class='ocrx_word' id='word_1_359' title='bbox 324 3724 627 3809; x_wconf 77' lang='lat' dir='ltr'>cietates:</span> <span class='ocrx_word' id='word_1_360' title='bbox 662 3716 993 3808; x_wconf 82' lang='lat' dir='ltr'>societates</span> <span class='ocrx_word' id='word_1_361' title='bbox 1008 3723 1321 3790; x_wconf 84' lang='lat' dir='ltr'>iterumin</span> <span class='ocrx_word' id='word_1_362' title='bbox 1338 3716 1503 3790; x_wconf 88' lang='lat' dir='ltr'>colle</span> <span class='ocrx_word' id='word_1_363' title='bbox 1549 3720 1613 3785; x_wconf 89' lang='lat' dir='ltr'>ia</span> <span class='ocrx_word' id='word_1_364' title='bbox 1635 3742 1793 3802; x_wconf 80' lang='lat' dir='ltr'>,cor</span> <span class='ocrx_word' id='word_1_365' title='bbox 1841 3742 1993 3800; x_wconf 72' lang='lat' dir='ltr'>ora,</span> <span class='ocrx_word' id='word_1_366' title='bbox 2017 3714 2477 3788; x_wconf 77' lang='lat' dir='ltr'>universitates·</span> <span class='ocrx_word' id='word_1_367' title='bbox 2503 3716 2741 3801; x_wconf 58' lang='lat' dir='ltr'>Colle,-</span> 
     </span>
     <span class='ocr_line' id='line_1_38' title="bbox 325 3809 2745 3921; baseline -0.004 -29"><span class='ocrx_word' id='word_1_368' title='bbox 325 3824 510 3921; x_wconf 85' lang='lat' dir='ltr'>gium</span> <span class='ocrx_word' id='word_1_369' title='bbox 548 3821 637 3891; x_wconf 86' lang='lat' dir='ltr'>est</span> <span class='ocrx_word' id='word_1_370' title='bbox 658 3817 922 3892; x_wconf 79' lang='lat' dir='ltr'>societas</span> <span class='ocrx_word' id='word_1_371' title='bbox 941 3814 1380 3915; x_wconf 25' lang='lat' dir='ltr'>subjlestorum</span> <span class='ocrx_word' id='word_1_372' title='bbox 1400 3825 1505 3914; x_wconf 89' lang='lat' dir='ltr'>eju</span> <span class='ocrx_word' id='word_1_373' title='bbox 1532 3814 1688 3896; x_wconf 87' lang='lat' dir='ltr'>dem</span> <span class='ocrx_word' id='word_1_374' title='bbox 1714 3841 1789 3886; x_wconf 87' lang='lat' dir='ltr'>ve</span> <span class='ocrx_word' id='word_1_375' title='bbox 1839 3810 2056 3888; x_wconf 81' lang='lat' dir='ltr'>similis</span> <span class='ocrx_word' id='word_1_376' title='bbox 2120 3809 2505 3896; x_wconf 77' lang='lat' dir='ltr'>rofeslionis.</span> <span class='ocrx_word' id='word_1_377' title='bbox 2566 3814 2745 3898; x_wconf 80' lang='lat' dir='ltr'>Cor-</span> 
     </span>
     <span class='ocr_line' id='line_1_39' title="bbox 322 3909 2742 4022; baseline -0.008 -27"><span class='ocrx_word' id='word_1_378' title='bbox 322 3945 449 4022; x_wconf 85' lang='lat' dir='ltr'>pus</span> <span class='ocrx_word' id='word_1_379' title='bbox 483 3920 571 3992; x_wconf 90' lang='lat' dir='ltr'>est</span> <span class='ocrx_word' id='word_1_380' title='bbox 595 3915 868 3994; x_wconf 77' lang='lat' dir='ltr'>societas</span> <span class='ocrx_word' id='word_1_381' title='bbox 886 3944 963 3992; x_wconf 85' lang='lat' dir='ltr'>ex</span> <span class='ocrx_word' id='word_1_382' title='bbox 987 3911 1279 4020; x_wconf 82' lang='lat' dir='ltr'>collegiis</span> <span class='ocrx_word' id='word_1_383' title='bbox 1308 3912 1570 3995; x_wconf 81' lang='lat' dir='ltr'>diversis</span> <span class='ocrx_word' id='word_1_384' title='bbox 1595 3911 1877 3999; x_wconf 65' lang='lat' dir='ltr'>collecta</span> <span class='ocrx_word' id='word_1_385' title='bbox 1898 3921 2046 4010; x_wconf 75' lang='lat' dir='ltr'>&amp;in</span> <span class='ocrx_word' id='word_1_386' title='bbox 2112 3920 2292 3989; x_wconf 77' lang='lat' dir='ltr'>&#39;tuta.</span> <span class='ocrx_word' id='word_1_387' title='bbox 2347 3909 2742 3992; x_wconf 74' lang='lat' dir='ltr'>universitas</span> 
     </span>
    </p>
   </div>
   <div class='ocr_carea' id='block_1_4' title="bbox 1744 4005 2741 4108">
    <p class='ocr_par' dir='ltr' id='par_1_9' title="bbox 1744 4005 2741 4108">
     <span class='ocr_line' id='line_1_40' title="bbox 1744 4005 2741 4108; baseline -0.006 -35"><span class='ocrx_word' id='word_1_388' title='bbox 1744 4019 1918 4108; x_wconf 79' lang='lat' dir='ltr'>Q2</span> <span class='ocrx_word' id='word_1_389' title='bbox 2651 4005 2741 4073; x_wconf 83' lang='lat' dir='ltr'>est</span> 
     </span>
    </p>
   </div>
  </div>
 </body>
</html>
