3391 4418
1054 81 1813 166 Pnrsxca
1929 81 2146 174 XII.
2658 119 2809 193 139

370 202 488 278 mo
515 199 628 301 qui
651 196 992 288 attendet,
1023 197 1226 297 quam
1249 200 1481 275 intime
1501 197 1894 300 magnitudo
1924 250 1945 283 ‚
1974 200 2184 301 figura
2206 248 2227 286 ,
2265 205 2625 277 motus&c.
2659 204 2815 280 Ma-

371 309 602 377 teriam
641 298 929 374 afficiant
951 344 974 379 ³
1006 307 1077 372 δε
1107 323 1518 399 quantopere
1555 327 1704 371 cum
1734 298 1844 370 illa
1878 322 2121 372 naturae
2152 299 2463 375 affinitate
2498 304 2806 406 colligata

366 400 526 490 lint,
551 404 864 503 quodque
881 406 1234 474 innumeris
1250 399 1469 474 modis
1488 396 1731 502 fingula
1750 405 1971 473 variari
1988 426 2351 500 eorumque
2373 404 2472 476 vel
2485 406 2672 504 plura
2696 412 2797 479 vel

416 512 676 576 auciora
709 514 779 577 δε
809 511 973 576 inter
993 502 1054 572 se
1084 509 1154 574 δι
1187 528 1341 574 cum
1363 514 1633 574 materia
1659 509 1971 603 conjungi
1993 500 2271 602 poffint5
2312 513 2364 575 is
2381 507 2658 578 minime
2673 507 2798 579 du-

364 530 601 676 Eitabit
618 648 642 680 ,
681 610 840 702 quin
877 604 1014 677 haec
1047 598 1178 702 ipsa
1215 601 1336 674 lint
1375 601 1695 702 aptissima
1734 609 2029 677 Materia:
2053 599 2319 676 extensae
2358 606 2674 678 varianda:
2713 634 2790 681 ac

362 704 823 805 distinguendae
878 708 1215 805 principia.
1319 702 1524 776 Certe
1567 704 1781 775 multo
1816 710 2066 802 aptiora
2102 700 2427 805 magisque
2456 733 2747 808 congrua
2767 763 2789 795 ,

359 808 557 903 quam
575 804 696 876 alia
717 802 933 877 nescio
959 830 1104 903 quae
1125 857 1145 887 ‚
1165 828 1463 876 naturam
1479 802 1865 906 spiritualem
1887 809 2105 903 potius
2120 818 2318 901 quam
2341 810 2740 882 materialem
2763 861 2786 896 ,

305 972 314 979 .
357 911 826 1007 cogitationem
849 910 1047 976 animi
1069 910 1287 1002 potius
1307 904 1503 999 quam
1523 901 1963 975 extenfionem
1989 910 2284 1002 corporis
2302 906 2695 981 redolentia.

461 1034 485 1078 1
507 1033 565 1099 5.
604 1004 874 1077 Deinde
896 1002 1142 1073 eaedem
1162 999 1541 1074 affectiones
1559 1009 1624 1074 in
1645 1008 1899 1075 cunctis
1917 1008 2196 1073 omnino
2216 1003 2411 1075 rebus
2426 1013 2788 1103 corporeis,

350 1104 790 1204 cujuscunque
815 1106 1103 1171 nominis
1121 1110 1191 1172 δε
1212 1122 1452 1171 natutae
1471 1099 1591 1173 fint
1607 1155 1629 1187 ,
1660 1109 2076 1173 inveniuntur
2094 1146 2117 1177 ³
2143 1110 2212 1174 ὅ(
2226 1104 2408 1200 aeque
2427 1111 2492 1173 in
2519 1114 2789 1178 materia

347 1204 718 1284 insensibili,
742 1226 818 1271 ac
840 1197 1110 1269 sensibili
1126 1197 1594 1294 intelliguntur.
1644 1199 1839 1269 Adeo
1860 1223 1930 1269 ut
1945 1201 2091 1269 vere
2109 1198 2229 1272 fint
2247 1200 2629 1273 communia
2649 1206 2789 1276 caeli

349 1318 426 1375 ac
451 1327 635 1373 terrae
653 1296 1057 1398 corporibus
1085 1348 1108 1381 ‚
1147 1295 1498 1368 visibilibus
1515 1321 1590 1365 ac
1609 1294 2038 1366 invifibilibus
2056 1298 2302 1368 Extenfi
2320 1300 2516 1399 hujus
2538 1325 2791 1373 creatu-

352 1407 459 1472 ris.
508 1404 787 1470 Formas
806 1393 1240 1466 substantiales
1259 1447 1280 1480 ‚
1301 1420 1463 1491 quas
1480 1417 1720 1466 vocant
1745 1444 1767 1476 ‚
1784 1395 1818 1462 a
1843 1391 2195 1466 caelestibus
2210 1397 2393 1470 multi
2406 1398 2788 1500 philosophi

355 1494 777 1570 excluserunt.
2716 1542 2721 1547 -

461 1599 567 1669 16.
625 1593 894 1667 Ad'haec
912 1591 1044 1662 dari
1065 1597 1128 1662 in
1156 1617 1240 1664 co
1322 1587 1551 1663 oribus
1563 1588 1755 1686 hujus
1780 1589 2009 1661 mundi
2035 1587 2787 1697 certas'magnitudinesss

349 1700 637 1798 partium
663 1717 1008 1767 numerum
1029 1744 1050 1777 ‚
1086 1691 1225 1764 dari
1247 1618 1486 1861 {uras
1507 1746 1528 1775 ,
1555 1687 1958 1791 politiones,
1993 1715 2251 1778 motus,
2291 1719 2577 1793 quietem
2611 1752 2632 1783 ‚
2671 1725 2790 1769 ne·

346 1821 470 1867 rno
503 1798 542 1869 ὲ
581 1795 776 1895 vulgo
802 1847 824 1880 ‚
857 1818 1057 1864 nemo
1078 1798 1250 1865 inter
1266 1820 1311 1893 p
1361 1788 1700 1892 ilosophos
1723 1809 2008 1890 unquam
2026 1799 2096 1863 in
2121 1791 2402 1868 dubium
2429 1804 2788 1871 revocavit.

346 1900 598 1968 Eorum
632 1919 806 1968 cette
835 1892 1228 1965 existentiam
1263 1918 1404 1965 non
1435 1889 1567 1964 sola
1593 1895 1763 1963 ratio
1780 1944 1802 1979 ,
1841 1917 1980 1962 non
2004 1918 2166 1966 unus
2186 1894 2416 1996 aliquis
2432 1895 2639 1971 seusus
2659 1897 2790 1973 ho-

297 2015 310 2020 *
341 2002 555 2067 mines
594 1993 864 2078 docuit,
896 1990 1003 2062 sed
1024 2002 1192 2065 ratio
1205 1992 1396 2065 fimul
1417 2002 1485 2065 &
1502 1991 1710 2064 sensus
1739 2044 1760 2075 ‚
1806 1997 2093 2064 internus
2115 2000 2354 2093 paritet
2371 2006 2439 2070 &
2464 2023 2787 2071 externus.

340 2096 494 2166 Nec
523 2119 660 2167 uno
686 2092 896 2165 solnm
917 2145 939 2178 ,
972 2100 1063 2165 uti
1080 2094 1263 2166 calor
1281 2148 1302 2181 ‚
1336 2094 1530 2165 color
1546 2146 1567 2180 ,
1609 2091 1719 2163 lux
1739 2090 2002 2191 aliaeque
2017 2119 2133 2192 per
2151 2091 2210 2165 le
2234 2093 2552 2171 senstbsses
2570 2098 2783 2197 quali-

337 2217 504 2268 tates
523 2247 544 2282 ,
559 2191 669 2268 sed
686 2191 983 2297 pluribus
1000 2190 1276 2269 senfibus
1298 2191 1804 2296 cognoscuntur.
1856 2198 2112 2267 Contra
2131 2193 2212 2268 de
2239 2194 2473 2274 formis
2492 2196 2783 2272 substan-

335 2294 605 2369 tialibus
621 2309 863 2396 negant
883 2349 906 2381 ‚
938 2293 1122 2392 quod
1140 2303 1206 2367 in
1226 2291 1436 2366 sensus
1453 2300 1807 2365 incurrant.
2184 2285 2195 2294 ‘

449 2420 560 2490 17.
609 2396 946 2464 Nimirum
987 2393 1121 2466 haec
1161 2395 1378 2466 nostra
1409 2398 1728 2492 principia
1778 2418 1801 2460 1
1820 2445 1838 2463 .
1860 2415 2000 2460 non
2015 2387 2223 2465 solum
2240 2394 2614 2469 universalia
2638 2394 2781 2469 sunt

344 2489 646 2594 respectu
664 2491 1211 2590 mundicorpotei
1232 2521 1252 2576 ς
1281 2494 1511 2563 verum
1531 2496 1732 2561 etiam
1758 2516 1792 2558 2
1806 2544 1821 2561 .
1843 2486 2133 2585 respe&u
2153 2491 2500 2565 hominum
2524 2550 2545 2580 ‚
2573 2502 2683 2592 qui
2699 2520 2779 2565 ea

326 2593 750 2676 admittunt,
779 2587 887 2661 seu
914 2589 1138 2660 idiotae
1179 2587 1299 2660 fint
1319 2643 1340 2674 ‚
1381 2585 1487 2658 seu
1507 2586 1970 2660 Mathematici
1997 2636 2019 2668 ‚
2049 2586 2153 2656 seu
2176 2587 2421 2683 Physici
2442 2637 2463 2666 .
2503 2594 2604 2661 seu
2631 2596 2781 2662 Me-

340 2691 634 2767 chanici.
679 2695 784 2762 Ac
814 2716 877 2779 3.
892 2691 1276 2761 communia
1297 2684 1438 2758 sunt
1456 2690 1694 2758 intuitu
1713 2679 2003 2760 sensuum
2021 2684 2393 2758 nostrorum
2411 2698 2481 2762 δι
2505 2686 2783 2759 faculta-

337 2818 487 2870 tum
516 2849 537 2876 ,
574 2815 737 2892 quas
756 2794 946 2862 Deus
958 2786 1153 2861 nobis
1167 2785 1252 2858 ad
1278 2782 1814 2887 cognoscendum
1834 2780 2047 2853 dedit.
2758 2840 2764 2847 .

456 2921 482 2966 1
496 2896 564 2970 8.
616 2889 906 2966 Proinde
916 2888 1056 2960 haec
1071 2888 1286 2960 nostra
1306 2912 1384 2958 ex
1397 2882 1717 2983 ejusmodi
1734 2887 2070 2984 principiis
2088 2927 2109 2962 ‚
2132 2910 2278 2983 quae
2296 2881 2633 2987 propofita
2653 2911 2781 2960 no-

343 2997 454 3070 bis
473 2995 564 3066 est
583 3049 600 3075 ,
639 2988 1137 3063 demonstrandi
1153 2995 1322 3061 ratio
1344 3013 1482 3059 non
1500 2993 1701 3087 magis
1717 2984 1944 3057 rustica
1982 2987 2117 3076 (uti
2137 2988 2465 3059 nonnullis
2484 3012 2778 3086 percon-

340 3118 630 3172 temtum
666 3089 1078 3193 appellatur)
1115 3088 1313 3188 quam
1351 3084 1803 3188 philosophica
1840 3084 1971 3154 dici
2003 3109 2312 3157 metetur.
2370 3093 2442 3158 ln
2465 3113 2550 3157 eo
2566 3085 2773 3162 solum

338 3192 713 3270 differentia
739 3192 830 3263 est
852 3244 872 3277 ,
912 3188 1099 3289 quod
1124 3186 1350 3289 vulgus
1384 3185 1736 3259 hominum
1776 3184 2062 3255 laudatas
2092 3210 2451 3286 corporum
2475 3184 2775 3259 affectio-

333 3322 460 3372 nes
497 3290 633 3367 fere
660 3300 730 3364 in
755 3300 1073 3363 exteriore
1092 3295 1346 3363 tantum
1365 3311 1726 3387 corporum
1747 3282 2077 3382 superficie
2099 3293 2168 3356 &
2240 3311 2388 3359 tout
2410 3284 2618 3358 sensus
2634 3283 2774 3357 affi-

333 3403 530 3475 ciunt
558 3448 580 3483 ,
611 3393 1124 3491 contemplatur:
1170 3416 1292 3461 nos
1307 3411 1526 3460 autem
1544 3392 1606 3455 in
1633 3383 1914 3477 Physicis
1939 3389 2175 3453 maxim
2242 3412 2513 3484 quoque
2539 3390 2607 3458 in
2627 3410 2776 3455 cot-

331 3523 584 3605 porum
619 3498 908 3567 interiori
946 3488 1196 3561 fabrica
1215 3497 1286 3559 &
1312 3484 1638 3586 particulis
1664 3478 1911 3554 sensum
1940 3507 2210 3556 omnem
2227 3482 2627 3586 fugientibus
2646 3480 2778 3558 eas·

309 3603 502 3675 -dem
526 3592 1031 3669 consideramus.

447 3724 559 3791 19.
607 3696 920 3788 Denique
954 3687 1218 3760 illorum
1258 3686 1556 3785 corporis
1594 3681 1953 3753 modorum
1985 3683 2332 3780 perspicuae
2347 3678 2774 3766 definitiones

303 3837 308 3842 ·
336 3800 625 3882 dantur,
661 3812 737 3867 ut
772 3788 867 3863 th.
899 3814 985 3861 10
1019 3792 1256 3890 patuit.
1309 3789 1459 3858 Nec
1491 3782 1628 3853 fieri
1663 3779 1882 3880 potest
1901 3782 2122 3860 aliter,
2158 3777 2622 3880 cumpluribus
2639 3779 2778 3850 sen-

303 3900 516 3978 tibus
550 3905 623 3973 δε
665 3887 1065 3974 intellectui,
1107 3891 1348 3964 rationi
1371 3893 1441 3959 δε
1461 3885 1903 4056 experientisae,
1942 3905 2015 3972 ut
2036 3880 2249 3955 modo
2276 3879 2564 3958 diximus
2584 3880 2783 4041 ,ἀρνὶ-

1901 4006 1939 4053 2
2660 3991 2772 4038 en·
