<?xml version="1.0" encoding="UTF-8"?>
<!DOCTYPE html PUBLIC "-//W3C//DTD XHTML 1.0 Transitional//EN"
    "http://www.w3.org/TR/xhtml1/DTD/xhtml1-transitional.dtd">
<html xmlns="http://www.w3.org/1999/xhtml" xml:lang="en" lang="en">
 <head>
  <title>
</title>
<meta http-equiv="Content-Type" content="text/html;charset=utf-8" />
  <meta name='ocr-system' content='tesseract 3.04.00' />
  <meta name='ocr-capabilities' content='ocr_page ocr_carea ocr_par ocr_line ocrx_word'/>
</head>
<body>
  <div class='ocr_page' id='page_1' title='image "./johannisclauber00claugoog_0167.png"; bbox 0 0 3391 4418; ppageno 0'>
   <div class='ocr_carea' id='block_1_1' title="bbox 275 121 2854 1346">
    <p class='ocr_par' dir='ltr' id='par_1_1' title="bbox 1030 121 2854 243">
     <span class='ocr_line' id='line_1_1' title="bbox 1030 121 2854 243; baseline 0.001 -32"><span class='ocrx_word' id='word_1_1' title='bbox 1030 123 1102 211; x_wconf 83' lang='lat' dir='ltr'><strong>P</strong></span> <span class='ocrx_word' id='word_1_2' title='bbox 1159 152 1226 212; x_wconf 73' lang='grc' dir='ltr'><em>Η</em></span> <span class='ocrx_word' id='word_1_3' title='bbox 1282 151 1342 211; x_wconf 71' lang='grc' dir='ltr'>Υ</span> <span class='ocrx_word' id='word_1_4' title='bbox 1403 150 1444 213; x_wconf 81' lang='lat' dir='ltr'><em>s</em></span> <span class='ocrx_word' id='word_1_5' title='bbox 1500 129 1653 215; x_wconf 73' lang='lat'>120</span> <span class='ocrx_word' id='word_1_6' title='bbox 1710 154 1768 214; x_wconf 78' lang='lat' dir='ltr'>A</span> <span class='ocrx_word' id='word_1_7' title='bbox 1877 121 2150 213; x_wconf 75' lang='lat' dir='ltr'><strong>XIII.</strong></span> <span class='ocrx_word' id='word_1_8' title='bbox 2655 159 2854 243; x_wconf 81' lang='lat' dir='ltr'>·t47</span> 
     </span>
    </p>

    <p class='ocr_par' dir='ltr' id='par_1_2' title="bbox 359 239 2845 545">
     <span class='ocr_line' id='line_1_2' title="bbox 359 239 2845 345; baseline -0.003 -26"><span class='ocrx_word' id='word_1_9' title='bbox 359 284 367 290; x_wconf 92' lang='lat'>·</span> <span class='ocrx_word' id='word_1_10' title='bbox 393 269 506 319; x_wconf 82' lang='lat' dir='ltr'>tes</span> <span class='ocrx_word' id='word_1_11' title='bbox 523 265 882 345; x_wconf 70' lang='lat' dir='ltr'>corporeae</span> <span class='ocrx_word' id='word_1_12' title='bbox 895 239 1052 313; x_wconf 77' lang='lat' dir='ltr'>tales</span> <span class='ocrx_word' id='word_1_13' title='bbox 1069 240 1360 315; x_wconf 87' lang='lat' dir='ltr'>evadunt</span> <span class='ocrx_word' id='word_1_14' title='bbox 1373 295 1397 328; x_wconf 86' lang='lat'><strong>,</strong></span> <span class='ocrx_word' id='word_1_15' title='bbox 1431 239 1657 341; x_wconf 85' lang='lat' dir='ltr'>quales</span> <span class='ocrx_word' id='word_1_16' title='bbox 1673 239 1796 314; x_wconf 80' lang='lat' dir='ltr'>effe</span> <span class='ocrx_word' id='word_1_17' title='bbox 1817 239 2240 314; x_wconf 81' lang='lat' dir='ltr'>observantur</span> <span class='ocrx_word' id='word_1_18' title='bbox 2255 291 2278 324; x_wconf 87' lang='lat'>‚</span> <span class='ocrx_word' id='word_1_19' title='bbox 2314 262 2555 340; x_wconf 86' lang='lat' dir='ltr'>nempe</span> <span class='ocrx_word' id='word_1_20' title='bbox 2572 239 2800 321; x_wconf 71' lang='lat' dir='ltr'>calidae</span> <span class='ocrx_word' id='word_1_21' title='bbox 2821 304 2845 337; x_wconf 84' lang='lat'>‚</span> 
     </span>
     <span class='ocr_line' id='line_1_3' title="bbox 397 339 2836 449; baseline -0 -33"><span class='ocrx_word' id='word_1_22' title='bbox 397 342 656 444; x_wconf 72' lang='lat' dir='ltr'>frigidae</span> <span class='ocrx_word' id='word_1_23' title='bbox 675 397 698 430; x_wconf 86' lang='lat'>‚</span> <span class='ocrx_word' id='word_1_24' title='bbox 726 368 894 443; x_wconf 88' lang='lat' dir='ltr'>aqua</span> <span class='ocrx_word' id='word_1_25' title='bbox 907 394 930 427; x_wconf 86' lang='lat'>‚</span> <span class='ocrx_word' id='word_1_26' title='bbox 1007 339 1196 415; x_wconf 85' lang='lat' dir='ltr'>lacies</span> <span class='ocrx_word' id='word_1_27' title='bbox 1214 351 1348 417; x_wconf 73' lang='grc' dir='ltr'>διε.</span> <span class='ocrx_word' id='word_1_28' title='bbox 1375 342 1608 442; x_wconf 77' lang='lat' dir='ltr'>(Qd</span> <span class='ocrx_word' id='word_1_29' title='bbox 1623 347 1800 416; x_wconf 89' lang='lat' dir='ltr'>enim</span> <span class='ocrx_word' id='word_1_30' title='bbox 1818 341 1991 415; x_wconf 87' lang='lat' dir='ltr'>aliud</span> <span class='ocrx_word' id='word_1_31' title='bbox 2020 340 2167 413; x_wconf 66' lang='lat' dir='ltr'>vere</span> <span class='ocrx_word' id='word_1_32' title='bbox 2184 339 2291 412; x_wconf 80' lang='lat' dir='ltr'>hic</span> <span class='ocrx_word' id='word_1_33' title='bbox 2306 340 2505 440; x_wconf 83' lang='lat' dir='ltr'>poffit</span> <span class='ocrx_word' id='word_1_34' title='bbox 2523 343 2795 449; x_wconf 73' lang='lat' dir='ltr'>intelligi</span> <span class='ocrx_word' id='word_1_35' title='bbox 2814 404 2836 435; x_wconf 89' lang='lat'>‚</span> 
     </span>
     <span class='ocr_line' id='line_1_4' title="bbox 387 369 2828 545; baseline 0.002 -29"><span class='ocrx_word' id='word_1_36' title='bbox 387 470 542 516; x_wconf 48' lang='lat' dir='ltr'>‘non</span> <span class='ocrx_word' id='word_1_37' title='bbox 560 443 756 521; x_wconf 89' lang='lat' dir='ltr'>video</span> <span class='ocrx_word' id='word_1_38' title='bbox 773 455 798 527; x_wconf 89' lang='lat'><em>)</em></span> <span class='ocrx_word' id='word_1_39' title='bbox 826 369 1007 514; x_wconf 60' lang='lat' dir='ltr'>iliutf</span> <span class='ocrx_word' id='word_1_40' title='bbox 1002 450 1281 515; x_wconf 88' lang='lat' dir='ltr'>omnino</span> <span class='ocrx_word' id='word_1_41' title='bbox 1296 450 1362 515; x_wconf 89' lang='lat' dir='ltr'>in</span> <span class='ocrx_word' id='word_1_42' title='bbox 1377 467 1572 516; x_wconf 85' lang='lat' dir='ltr'>motu</span> <span class='ocrx_word' id='word_1_43' title='bbox 1588 451 1659 517; x_wconf 74' lang='grc' dir='ltr'>δε</span> <span class='ocrx_word' id='word_1_44' title='bbox 1674 450 1892 542; x_wconf 89' lang='lat' dir='ltr'>quiete</span> <span class='ocrx_word' id='word_1_45' title='bbox 1909 465 2130 513; x_wconf 88' lang='lat' dir='ltr'>ortum</span> <span class='ocrx_word' id='word_1_46' title='bbox 2147 441 2330 514; x_wconf 87' lang='lat' dir='ltr'>suum</span> <span class='ocrx_word' id='word_1_47' title='bbox 2347 449 2415 513; x_wconf 67' lang='grc' dir='ltr'>ὅ(</span> <span class='ocrx_word' id='word_1_48' title='bbox 2436 448 2828 545; x_wconf 89' lang='lat' dir='ltr'>principium</span> 
     </span>
    </p>

    <p class='ocr_par' dir='ltr' id='par_1_3' title="bbox 397 567 1857 618">
     <span class='ocr_line' id='line_1_5' title="bbox 397 567 1857 618; baseline -0.001 -2"><span class='ocrx_word' id='word_1_49' title='bbox 397 567 667 618; x_wconf 58' lang='lat' dir='ltr'>mvemtae</span> <span class='ocrx_word' id='word_1_50' title='bbox 1854 614 1857 615; x_wconf 13' lang='grc' dir='ltr'><em>γ</em></span> 
     </span>
    </p>

    <p class='ocr_par' dir='ltr' id='par_1_4' title="bbox 275 640 2818 1346">
     <span class='ocr_line' id='line_1_6' title="bbox 495 640 2818 760; baseline 0.001 -42"><span class='ocrx_word' id='word_1_51' title='bbox 495 670 601 723; x_wconf 81' lang='lat'>22.</span> <span class='ocrx_word' id='word_1_52' title='bbox 652 645 736 715; x_wconf 87' lang='lat' dir='ltr'>Et</span> <span class='ocrx_word' id='word_1_53' title='bbox 766 667 880 714; x_wconf 89' lang='lat' dir='ltr'>cur</span> <span class='ocrx_word' id='word_1_54' title='bbox 914 666 1176 721; x_wconf 85' lang='lat' dir='ltr'>motum</span> <span class='ocrx_word' id='word_1_55' title='bbox 1209 669 1287 715; x_wconf 92' lang='lat' dir='ltr'>ac</span> <span class='ocrx_word' id='word_1_56' title='bbox 1315 647 1608 741; x_wconf 87' lang='lat' dir='ltr'>quietem</span> <span class='ocrx_word' id='word_1_57' title='bbox 1644 669 1777 760; x_wconf 77' lang='lat' dir='ltr'>prae</span> <span class='ocrx_word' id='word_1_58' title='bbox 1804 640 2081 742; x_wconf 77' lang='lat' dir='ltr'>reliquis·</span> <span class='ocrx_word' id='word_1_59' title='bbox 2106 665 2468 740; x_wconf 88' lang='lat' dir='ltr'>corporum</span> <span class='ocrx_word' id='word_1_60' title='bbox 2489 643 2818 720; x_wconf 79' lang='lat' dir='ltr'>attributis</span> 
     </span>
     <span class='ocr_line' id='line_1_7' title="bbox 390 739 2817 843; baseline 0 -25"><span class='ocrx_word' id='word_1_61' title='bbox 390 750 730 818; x_wconf 89' lang='lat' dir='ltr'>nominare</span> <span class='ocrx_word' id='word_1_62' title='bbox 750 748 817 813; x_wconf 91' lang='lat' dir='ltr'>in</span> <span class='ocrx_word' id='word_1_63' title='bbox 838 746 948 815; x_wconf 89' lang='lat' dir='ltr'>tali</span> <span class='ocrx_word' id='word_1_64' title='bbox 971 744 1358 816; x_wconf 88' lang='lat' dir='ltr'>definitione</span> <span class='ocrx_word' id='word_1_65' title='bbox 1378 742 1711 843; x_wconf 82' lang='lat' dir='ltr'>placuisset</span> <span class='ocrx_word' id='word_1_66' title='bbox 1728 796 1750 829; x_wconf 88' lang='lat'><strong>,</strong></span> <span class='ocrx_word' id='word_1_67' title='bbox 1769 739 1880 815; x_wconf 72' lang='lat' dir='ltr'>nisi</span> <span class='ocrx_word' id='word_1_68' title='bbox 1893 749 2190 843; x_wconf 87' lang='lat' dir='ltr'>potiores</span> <span class='ocrx_word' id='word_1_69' title='bbox 2206 741 2303 813; x_wconf 84' lang='lat' dir='ltr'>his</span> <span class='ocrx_word' id='word_1_70' title='bbox 2322 745 2387 811; x_wconf 90' lang='lat' dir='ltr'>in</span> <span class='ocrx_word' id='word_1_71' title='bbox 2405 754 2632 816; x_wconf 81' lang='lat' dir='ltr'>natura</span> <span class='ocrx_word' id='word_1_72' title='bbox 2650 744 2817 819; x_wconf 80' lang='lat' dir='ltr'>con-</span> 
     </span>
     <span class='ocr_line' id='line_1_8' title="bbox 388 840 2814 944; baseline 0 -25"><span class='ocrx_word' id='word_1_73' title='bbox 388 844 703 919; x_wconf 87' lang='lat' dir='ltr'>stituenda</span> <span class='ocrx_word' id='word_1_74' title='bbox 735 868 950 943; x_wconf 75' lang='lat' dir='ltr'>partes</span> <span class='ocrx_word' id='word_1_75' title='bbox 981 845 1227 917; x_wconf 84' lang='lat' dir='ltr'>dandas</span> <span class='ocrx_word' id='word_1_76' title='bbox 1255 841 1374 917; x_wconf 65' lang='grc' dir='ltr'>(ΠΕ</span> <span class='ocrx_word' id='word_1_77' title='bbox 1397 841 1781 944; x_wconf 80' lang='lat' dir='ltr'>Philosophi</span> <span class='ocrx_word' id='word_1_78' title='bbox 1819 840 2248 939; x_wconf 64' lang='lat' dir='ltr'>judicassent?</span> <span class='ocrx_word' id='word_1_79' title='bbox 2295 841 2430 914; x_wconf 86' lang='lat' dir='ltr'>Sed</span> <span class='ocrx_word' id='word_1_80' title='bbox 2456 845 2662 918; x_wconf 90' lang='lat' dir='ltr'>nolim</span> <span class='ocrx_word' id='word_1_81' title='bbox 2689 845 2814 920; x_wconf 90' lang='lat' dir='ltr'>hac</span> 
     </span>
     <span class='ocr_line' id='line_1_9' title="bbox 383 942 2810 1044; baseline 0 -25"><span class='ocrx_word' id='word_1_82' title='bbox 383 946 468 1020; x_wconf 90' lang='lat' dir='ltr'>de</span> <span class='ocrx_word' id='word_1_83' title='bbox 489 972 559 1018; x_wconf 87' lang='lat' dir='ltr'>re</span> <span class='ocrx_word' id='word_1_84' title='bbox 584 950 1032 1017; x_wconf 81' lang='lat' dir='ltr'>contentionis</span> <span class='ocrx_word' id='word_1_85' title='bbox 1067 942 1297 1016; x_wconf 89' lang='lat' dir='ltr'>serram</span> <span class='ocrx_word' id='word_1_86' title='bbox 1317 970 1471 1017; x_wconf 87' lang='lat' dir='ltr'>cum</span> <span class='ocrx_word' id='word_1_87' title='bbox 1491 968 1834 1044; x_wconf 86' lang='lat' dir='ltr'>quoquam</span> <span class='ocrx_word' id='word_1_88' title='bbox 1857 942 2138 1016; x_wconf 83' lang='lat' dir='ltr'>ducere:</span> <span class='ocrx_word' id='word_1_89' title='bbox 2184 964 2438 1014; x_wconf 88' lang='lat' dir='ltr'>tanturn</span> <span class='ocrx_word' id='word_1_90' title='bbox 2463 943 2810 1019; x_wconf 80' lang='lat' dir='ltr'>occasione</span> 
     </span>
     <span class='ocr_line' id='line_1_10' title="bbox 372 1041 2808 1147; baseline -0.001 -27"><span class='ocrx_word' id='word_1_91' title='bbox 372 1046 531 1120; x_wconf 87' lang='lat' dir='ltr'>data</span> <span class='ocrx_word' id='word_1_92' title='bbox 563 1041 764 1117; x_wconf 88' lang='lat' dir='ltr'>semel</span> <span class='ocrx_word' id='word_1_93' title='bbox 793 1044 1135 1116; x_wconf 83' lang='lat' dir='ltr'>ostendere</span> <span class='ocrx_word' id='word_1_94' title='bbox 1169 1042 1420 1121; x_wconf 88' lang='lat' dir='ltr'>lubuit,</span> <span class='ocrx_word' id='word_1_95' title='bbox 1451 1042 1651 1117; x_wconf 84' lang='lat' dir='ltr'>nobis</span> <span class='ocrx_word' id='word_1_96' title='bbox 1685 1068 1825 1115; x_wconf 92' lang='lat' dir='ltr'>non</span> <span class='ocrx_word' id='word_1_97' title='bbox 1860 1041 2069 1117; x_wconf 86' lang='lat' dir='ltr'>deeffe</span> <span class='ocrx_word' id='word_1_98' title='bbox 2099 1041 2509 1116; x_wconf 86' lang='lat' dir='ltr'>voluntatem</span> <span class='ocrx_word' id='word_1_99' title='bbox 2540 1054 2808 1147; x_wconf 87' lang='lat' dir='ltr'>propria</span> 
     </span>
     <span class='ocr_line' id='line_1_11' title="bbox 275 1140 2806 1250; baseline -0.001 -28"><span class='ocrx_word' id='word_1_100' title='bbox 275 1168 280 1173; x_wconf 84' lang='lat'><strong><em>‘</em></strong></span> <span class='ocrx_word' id='word_1_101' title='bbox 373 1148 690 1250; x_wconf 83' lang='lat' dir='ltr'>dogmata</span> <span class='ocrx_word' id='word_1_102' title='bbox 711 1166 865 1213; x_wconf 88' lang='lat' dir='ltr'>cum</span> <span class='ocrx_word' id='word_1_103' title='bbox 887 1141 1166 1215; x_wconf 85' lang='lat' dir='ltr'>aliorum</span> <span class='ocrx_word' id='word_1_104' title='bbox 1177 1147 1455 1216; x_wconf 88' lang='lat' dir='ltr'>inventis</span> <span class='ocrx_word' id='word_1_105' title='bbox 1475 1195 1497 1228; x_wconf 88' lang='lat'>‚</span> <span class='ocrx_word' id='word_1_106' title='bbox 1515 1166 1832 1241; x_wconf 87' lang='lat' dir='ltr'>quantum</span> <span class='ocrx_word' id='word_1_107' title='bbox 1851 1140 2017 1218; x_wconf 84' lang='lat' dir='ltr'>salva</span> <span class='ocrx_word' id='word_1_108' title='bbox 2038 1147 2302 1216; x_wconf 86' lang='lat' dir='ltr'>veritate</span> <span class='ocrx_word' id='word_1_109' title='bbox 2317 1140 2456 1215; x_wconf 86' lang='lat' dir='ltr'>fieri</span> <span class='ocrx_word' id='word_1_110' title='bbox 2469 1147 2717 1244; x_wconf 87' lang='lat' dir='ltr'>potest,</span> <span class='ocrx_word' id='word_1_111' title='bbox 2737 1151 2806 1220; x_wconf 87' lang='lat' dir='ltr'>in</span> 
     </span>
     <span class='ocr_line' id='line_1_12' title="bbox 378 1238 2806 1346; baseline 0 -25"><span class='ocrx_word' id='word_1_112' title='bbox 378 1244 816 1322; x_wconf 84' lang='lat' dir='ltr'>concordiam</span> <span class='ocrx_word' id='word_1_113' title='bbox 855 1240 1192 1344; x_wconf 87' lang='lat' dir='ltr'>redigendi</span> <span class='ocrx_word' id='word_1_114' title='bbox 1210 1260 1402 1330; x_wconf 77' lang='lat' dir='ltr'>‚aut</span> <span class='ocrx_word' id='word_1_115' title='bbox 1438 1238 1656 1313; x_wconf 84' lang='lat' dir='ltr'>saltem</span> <span class='ocrx_word' id='word_1_116' title='bbox 1689 1267 1813 1314; x_wconf 88' lang='lat' dir='ltr'>nos</span> <span class='ocrx_word' id='word_1_117' title='bbox 1848 1242 2061 1317; x_wconf 88' lang='lat' dir='ltr'>studio</span> <span class='ocrx_word' id='word_1_118' title='bbox 2088 1241 2269 1315; x_wconf 89' lang='lat' dir='ltr'>nolle</span> <span class='ocrx_word' id='word_1_119' title='bbox 2303 1244 2502 1345; x_wconf 81' lang='lat' dir='ltr'>vulgo</span> <span class='ocrx_word' id='word_1_120' title='bbox 2526 1253 2806 1346; x_wconf 80' lang='lat' dir='ltr'>receptis</span> 
     </span>
    </p>
   </div>
   <div class='ocr_carea' id='block_1_2' title="bbox 345 1342 2805 1617">
    <p class='ocr_par' dir='ltr' id='par_1_5' title="bbox 345 1342 2805 1617">
     <span class='ocr_line' id='line_1_13' title="bbox 345 1342 852 1418; baseline -0.014 -1"><span class='ocrx_word' id='word_1_121' title='bbox 345 1398 348 1403; x_wconf 63' lang='grc'><em>»</em></span> <span class='ocrx_word' id='word_1_122' title='bbox 367 1342 852 1418; x_wconf 80' lang='lat' dir='ltr'>contradicere.</span> 
     </span>
     <span class='ocr_line' id='line_1_14' title="bbox 491 1433 2805 1617; baseline 0.001 -103"><span class='ocrx_word' id='word_1_123' title='bbox 491 1470 528 1514; x_wconf 89' lang='lat'><em>2</em></span> <span class='ocrx_word' id='word_1_124' title='bbox 546 1467 573 1533; x_wconf 80' lang='lat'>3</span> <span class='ocrx_word' id='word_1_125' title='bbox 588 1493 603 1509; x_wconf 91' lang='lat'><strong>.</strong></span> <span class='ocrx_word' id='word_1_126' title='bbox 658 1443 747 1512; x_wconf 87' lang='lat' dir='ltr'>At</span> <span class='ocrx_word' id='word_1_127' title='bbox 767 1462 945 1509; x_wconf 89' lang='lat' dir='ltr'>nunc</span> <span class='ocrx_word' id='word_1_128' title='bbox 961 1433 1153 1510; x_wconf 74' lang='lat' dir='ltr'>fufius</span> <span class='ocrx_word' id='word_1_129' title='bbox 1173 1448 1242 1512; x_wconf 72' lang='grc' dir='ltr'>ὅ(</span> <span class='ocrx_word' id='word_1_130' title='bbox 1266 1441 1624 1513; x_wconf 69' lang='lat' dir='ltr'>accuratius</span> <span class='ocrx_word' id='word_1_131' title='bbox 1644 1463 1869 1512; x_wconf 91' lang='lat' dir='ltr'>natura</span> <span class='ocrx_word' id='word_1_132' title='bbox 1890 1449 1960 1512; x_wconf 88' lang='lat'>&amp;</span> <span class='ocrx_word' id='word_1_133' title='bbox 1974 1438 2225 1514; x_wconf 76' lang='lat' dir='ltr'>effentia</span> <span class='ocrx_word' id='word_1_134' title='bbox 2248 1465 2467 1515; x_wconf 87' lang='lat' dir='ltr'>motus</span> <span class='ocrx_word' id='word_1_135' title='bbox 2483 1442 2805 1617; x_wconf 58' lang='lat' dir='ltr'>excphcan-</span> 
     </span>
    </p>
   </div>
   <div class='ocr_carea' id='block_1_3' title="bbox 196 1534 2804 2508">
    <p class='ocr_par' dir='ltr' id='par_1_6' title="bbox 196 1534 2804 2508">
     <span class='ocr_line' id='line_1_15' title="bbox 384 1534 2800 1645; baseline 0.001 -32"><span class='ocrx_word' id='word_1_136' title='bbox 384 1541 473 1613; x_wconf 91' lang='lat' dir='ltr'>da</span> <span class='ocrx_word' id='word_1_137' title='bbox 497 1546 658 1614; x_wconf 79' lang='lat' dir='ltr'>erit,</span> <span class='ocrx_word' id='word_1_138' title='bbox 691 1561 805 1623; x_wconf 87' lang='lat' dir='ltr'>ut,</span> <span class='ocrx_word' id='word_1_139' title='bbox 841 1534 1158 1636; x_wconf 84' lang='lat' dir='ltr'>quidnam</span> <span class='ocrx_word' id='word_1_140' title='bbox 1182 1537 1259 1612; x_wconf 87' lang='lat' dir='ltr'>fit</span> <span class='ocrx_word' id='word_1_141' title='bbox 1275 1589 1299 1626; x_wconf 90' lang='lat'>‚</span> <span class='ocrx_word' id='word_1_142' title='bbox 1334 1544 1518 1613; x_wconf 66' lang='lat' dir='ltr'>¹retste</span> <span class='ocrx_word' id='word_1_143' title='bbox 1546 1537 1973 1639; x_wconf 75' lang='lat' dir='ltr'>intelligatur3</span> <span class='ocrx_word' id='word_1_144' title='bbox 2010 1566 2086 1613; x_wconf 90' lang='lat' dir='ltr'>ac</span> <span class='ocrx_word' id='word_1_145' title='bbox 2105 1541 2345 1614; x_wconf 89' lang='lat' dir='ltr'>deinde</span> <span class='ocrx_word' id='word_1_146' title='bbox 2366 1567 2530 1645; x_wconf 85' lang='lat' dir='ltr'>agen</span> <span class='ocrx_word' id='word_1_147' title='bbox 2584 1571 2695 1618; x_wconf 90' lang='lat' dir='ltr'>um</span> <span class='ocrx_word' id='word_1_148' title='bbox 2714 1543 2800 1617; x_wconf 89' lang='lat' dir='ltr'>de</span> 
     </span>
     <span class='ocr_line' id='line_1_16' title="bbox 381 1636 2577 1738; baseline -0.002 -25"><span class='ocrx_word' id='word_1_149' title='bbox 381 1637 564 1713; x_wconf 88' lang='lat' dir='ltr'>causa</span> <span class='ocrx_word' id='word_1_150' title='bbox 580 1647 717 1738; x_wconf 87' lang='lat' dir='ltr'>ejus</span> <span class='ocrx_word' id='word_1_151' title='bbox 733 1636 770 1708; x_wconf 67' lang='lat' dir='ltr'>a</span> <span class='ocrx_word' id='word_1_152' title='bbox 789 1662 922 1735; x_wconf 91' lang='lat' dir='ltr'>qua</span> <span class='ocrx_word' id='word_1_153' title='bbox 937 1636 1200 1736; x_wconf 86' lang='lat' dir='ltr'>pendet.</span> <span class='ocrx_word' id='word_1_154' title='bbox 2424 1651 2429 1655; x_wconf 83' lang='grc'><em>“</em></span> <span class='ocrx_word' id='word_1_155' title='bbox 2574 1682 2577 1685; x_wconf 16' lang='grc' dir='ltr'><strong>Δ</strong></span> 
     </span>
     <span class='ocr_line' id='line_1_17' title="bbox 480 1733 2800 1842; baseline 0.003 -31"><span class='ocrx_word' id='word_1_156' title='bbox 480 1766 600 1831; x_wconf 89' lang='lat'>24.</span> <span class='ocrx_word' id='word_1_157' title='bbox 649 1743 722 1809; x_wconf 90' lang='lat' dir='ltr'>In</span> <span class='ocrx_word' id='word_1_158' title='bbox 752 1743 971 1837; x_wconf 86' lang='lat' dir='ltr'>primo</span> <span class='ocrx_word' id='word_1_159' title='bbox 984 1733 1333 1837; x_wconf 80' lang='lat' dir='ltr'>propofitae</span> <span class='ocrx_word' id='word_1_160' title='bbox 1354 1739 1761 1813; x_wconf 64' lang='lat' dir='ltr'>tractationis</span> <span class='ocrx_word' id='word_1_161' title='bbox 1781 1744 1994 1842; x_wconf 87' lang='lat' dir='ltr'>capite</span> <span class='ocrx_word' id='word_1_162' title='bbox 2014 1744 2204 1812; x_wconf 90' lang='lat' dir='ltr'>initio</span> <span class='ocrx_word' id='word_1_163' title='bbox 2226 1736 2556 1837; x_wconf 85' lang='lat' dir='ltr'>vulgarem</span> <span class='ocrx_word' id='word_1_164' title='bbox 2579 1768 2800 1817; x_wconf 82' lang='lat' dir='ltr'>motus</span> 
     </span>
     <span class='ocr_line' id='line_1_18' title="bbox 374 1833 2804 1939; baseline 0.002 -28"><span class='ocrx_word' id='word_1_165' title='bbox 374 1838 881 1939; x_wconf 83' lang='lat' dir='ltr'>descriptionem</span> <span class='ocrx_word' id='word_1_166' title='bbox 905 1834 1444 1939; x_wconf 60' lang='lat' dir='ltr'>eitaminabimus3</span> <span class='ocrx_word' id='word_1_167' title='bbox 1491 1864 1635 1937; x_wconf 85' lang='lat' dir='ltr'>quae</span> <span class='ocrx_word' id='word_1_168' title='bbox 1669 1838 1716 1912; x_wconf 88' lang='lat' dir='ltr'>fi</span> <span class='ocrx_word' id='word_1_169' title='bbox 1748 1839 2093 1927; x_wconf 83' lang='lat' dir='ltr'>fortenon</span> <span class='ocrx_word' id='word_1_170' title='bbox 2113 1833 2496 1922; x_wconf 86' lang='lat' dir='ltr'>satisfaciat,</span> <span class='ocrx_word' id='word_1_171' title='bbox 2536 1864 2804 1917; x_wconf 79' lang='lat' dir='ltr'>accura-</span> 
     </span>
     <span class='ocr_line' id='line_1_19' title="bbox 365 1937 2573 2039; baseline -0.002 -27"><span class='ocrx_word' id='word_1_172' title='bbox 365 1946 610 2019; x_wconf 81' lang='lat' dir='ltr'>tiorem</span> <span class='ocrx_word' id='word_1_173' title='bbox 628 1937 816 2009; x_wconf 88' lang='lat' dir='ltr'>aliam</span> <span class='ocrx_word' id='word_1_174' title='bbox 831 1937 1373 2039; x_wconf 85' lang='lat' dir='ltr'>investigabimus.</span> <span class='ocrx_word' id='word_1_175' title='bbox 1397 1954 1412 1963; x_wconf 79' lang='grc'><strong><em>’</em></strong></span> <span class='ocrx_word' id='word_1_176' title='bbox 1487 1969 1496 1981; x_wconf 55' lang='lat'>²</span> <span class='ocrx_word' id='word_1_177' title='bbox 2086 1978 2111 1998; x_wconf 81' lang='lat'>.-</span> <span class='ocrx_word' id='word_1_178' title='bbox 2560 1962 2573 1986; x_wconf 69' lang='lat'>²</span> 
     </span>
     <span class='ocr_line' id='line_1_20' title="bbox 355 2033 2797 2141; baseline 0 -27"><span class='ocrx_word' id='word_1_179' title='bbox 355 2074 362 2084; x_wconf 81' lang='grc'><em>·</em></span> <span class='ocrx_word' id='word_1_180' title='bbox 462 2045 596 2132; x_wconf 52' lang='lat'>25„</span> <span class='ocrx_word' id='word_1_181' title='bbox 631 2033 1265 2139; x_wconf 79' lang='lat' dir='ltr'>Descripturiautem</span> <span class='ocrx_word' id='word_1_182' title='bbox 1289 2036 1502 2112; x_wconf 88' lang='lat' dir='ltr'>sumus</span> <span class='ocrx_word' id='word_1_183' title='bbox 1518 2063 1782 2113; x_wconf 89' lang='lat' dir='ltr'>motum</span> <span class='ocrx_word' id='word_1_184' title='bbox 1799 2042 2029 2110; x_wconf 83' lang='lat' dir='ltr'>localem</span> <span class='ocrx_word' id='word_1_185' title='bbox 2050 2068 2067 2113; x_wconf 69' lang='grc' dir='ltr'><em>ε</em></span> <span class='ocrx_word' id='word_1_186' title='bbox 2087 2036 2272 2137; x_wconf 88' lang='lat' dir='ltr'>quod</span> <span class='ocrx_word' id='word_1_187' title='bbox 2295 2037 2638 2141; x_wconf 81' lang='lat' dir='ltr'>epitheton</span> <span class='ocrx_word' id='word_1_188' title='bbox 2653 2066 2797 2117; x_wconf 87' lang='lat' dir='ltr'>non</span> 
     </span>
     <span class='ocr_line' id='line_1_21' title="bbox 353 2133 2795 2239; baseline 0.004 -32"><span class='ocrx_word' id='word_1_189' title='bbox 353 2133 531 2211; x_wconf 87' lang='lat' dir='ltr'>soret</span> <span class='ocrx_word' id='word_1_190' title='bbox 543 2163 715 2239; x_wconf 84' lang='lat' dir='ltr'>opus</span> <span class='ocrx_word' id='word_1_191' title='bbox 730 2137 1016 2220; x_wconf 73' lang='lat' dir='ltr'>addere,</span> <span class='ocrx_word' id='word_1_192' title='bbox 1033 2139 1152 2212; x_wconf 65' lang='lat' dir='ltr'>nisi</span> <span class='ocrx_word' id='word_1_193' title='bbox 1166 2139 1278 2213; x_wconf 88' lang='lat' dir='ltr'>alii</span> <span class='ocrx_word' id='word_1_194' title='bbox 1295 2139 1456 2214; x_wconf 84' lang='lat' dir='ltr'>alios</span> <span class='ocrx_word' id='word_1_195' title='bbox 1474 2138 1557 2212; x_wconf 87' lang='lat' dir='ltr'>ab</span> <span class='ocrx_word' id='word_1_196' title='bbox 1578 2139 1712 2213; x_wconf 92' lang='lat' dir='ltr'>hoc</span> <span class='ocrx_word' id='word_1_197' title='bbox 1728 2163 1925 2212; x_wconf 88' lang='lat' dir='ltr'>motu</span> <span class='ocrx_word' id='word_1_198' title='bbox 1941 2135 2224 2212; x_wconf 85' lang='lat' dir='ltr'>diversos</span> <span class='ocrx_word' id='word_1_199' title='bbox 2238 2138 2355 2213; x_wconf 88' lang='lat' dir='ltr'>fibi</span> <span class='ocrx_word' id='word_1_200' title='bbox 2375 2147 2440 2216; x_wconf 91' lang='lat' dir='ltr'>in</span> <span class='ocrx_word' id='word_1_201' title='bbox 2457 2140 2795 2238; x_wconf 80' lang='lat' dir='ltr'>Phyficam</span> 
     </span>
     <span class='ocr_line' id='line_1_22' title="bbox 291 2237 2799 2340; baseline 0.002 -29"><span class='ocrx_word' id='word_1_202' title='bbox 291 2331 300 2334; x_wconf 24' lang='lat'>¹</span> <span class='ocrx_word' id='word_1_203' title='bbox 349 2238 759 2311; x_wconf 81' lang='lat' dir='ltr'>inducendos</span> <span class='ocrx_word' id='word_1_204' title='bbox 793 2239 1137 2340; x_wconf 65' lang='lat' dir='ltr'>putassent.</span> <span class='ocrx_word' id='word_1_205' title='bbox 1216 2246 1425 2339; x_wconf 88' lang='lat' dir='ltr'>Atqui</span> <span class='ocrx_word' id='word_1_206' title='bbox 1469 2238 1838 2313; x_wconf 66' lang='lat' dir='ltr'>intellectus</span> <span class='ocrx_word' id='word_1_207' title='bbox 1872 2265 2057 2311; x_wconf 86' lang='lat' dir='ltr'>meus</span> <span class='ocrx_word' id='word_1_208' title='bbox 2078 2285 2100 2321; x_wconf 88' lang='lat'><strong>,</strong></span> <span class='ocrx_word' id='word_1_209' title='bbox 2131 2237 2355 2314; x_wconf 77' lang='lat' dir='ltr'>sedulo</span> <span class='ocrx_word' id='word_1_210' title='bbox 2385 2242 2799 2316; x_wconf 87' lang='lat' dir='ltr'>attendendo</span> 
     </span>
     <span class='ocr_line' id='line_1_23' title="bbox 196 2337 2793 2508; baseline 0.002 -98"><span class='ocrx_word' id='word_1_211' title='bbox 196 2391 216 2402; x_wconf 77' lang='grc'><strong>.</strong></span> <span class='ocrx_word' id='word_1_212' title='bbox 351 2337 749 2508; x_wconf 45' lang='lat' dir='ltr'>multip-,lices-</span> <span class='ocrx_word' id='word_1_213' title='bbox 764 2364 981 2412; x_wconf 89' lang='lat' dir='ltr'>rerum</span> <span class='ocrx_word' id='word_1_214' title='bbox 1002 2344 1395 2414; x_wconf 81' lang='lat' dir='ltr'>variationes</span> <span class='ocrx_word' id='word_1_215' title='bbox 1412 2346 1594 2425; x_wconf 84' lang='lat' dir='ltr'>‚‘non</span> <span class='ocrx_word' id='word_1_216' title='bbox 1616 2337 1735 2410; x_wconf 80' lang='lat' dir='ltr'>nisi</span> <span class='ocrx_word' id='word_1_217' title='bbox 1752 2362 1956 2410; x_wconf 91' lang='lat' dir='ltr'>unum</span> <span class='ocrx_word' id='word_1_218' title='bbox 1979 2362 2240 2411; x_wconf 89' lang='lat' dir='ltr'>motum</span> <span class='ocrx_word' id='word_1_219' title='bbox 2257 2348 2484 2441; x_wconf 89' lang='lat' dir='ltr'>potuit</span> <span class='ocrx_word' id='word_1_220' title='bbox 2503 2368 2793 2440; x_wconf 88' lang='lat' dir='ltr'>unquam</span> 
     </span>
    </p>
   </div>
   <div class='ocr_carea' id='block_1_4' title="bbox 353 2436 2790 2635">
    <p class='ocr_par' dir='ltr' id='par_1_7' title="bbox 353 2436 2790 2635">
     <span class='ocr_line' id='line_1_24' title="bbox 353 2436 867 2511; baseline -0.004 0"><span class='ocrx_word' id='word_1_221' title='bbox 353 2438 436 2511; x_wconf 87' lang='lat' dir='ltr'>de</span> <span class='ocrx_word' id='word_1_222' title='bbox 488 2465 553 2509; x_wconf 88' lang='lat' dir='ltr'>re</span> <span class='ocrx_word' id='word_1_223' title='bbox 606 2436 867 2509; x_wconf 88' lang='lat' dir='ltr'>endere.</span> 
     </span>
     <span class='ocr_line' id='line_1_25' title="bbox 436 2467 2790 2635; baseline 0.002 -29"><span class='ocrx_word' id='word_1_224' title='bbox 436 2467 580 2610; x_wconf 50' lang='grc' dir='ltr'>[ἑὸ.</span> <span class='ocrx_word' id='word_1_225' title='bbox 628 2530 1231 2630; x_wconf 80' lang='lat' dir='ltr'>Qmadmodum</span> <span class='ocrx_word' id='word_1_226' title='bbox 1265 2537 1442 2604; x_wconf 88' lang='lat' dir='ltr'>enim</span> <span class='ocrx_word' id='word_1_227' title='bbox 1482 2559 1622 2604; x_wconf 91' lang='lat' dir='ltr'>non</span> <span class='ocrx_word' id='word_1_228' title='bbox 1656 2531 1994 2635; x_wconf 83' lang='lat' dir='ltr'>possumus</span> <span class='ocrx_word' id='word_1_229' title='bbox 2025 2532 2386 2632; x_wconf 89' lang='lat' dir='ltr'>intelligere</span> <span class='ocrx_word' id='word_1_230' title='bbox 2425 2534 2543 2608; x_wconf 82' lang='lat' dir='ltr'>nisi</span> <span class='ocrx_word' id='word_1_231' title='bbox 2581 2556 2790 2611; x_wconf 82' lang='lat' dir='ltr'>unum</span> 
     </span>
    </p>
   </div>
   <div class='ocr_carea' id='block_1_5' title="bbox 342 2626 2789 3434">
    <p class='ocr_par' dir='ltr' id='par_1_8' title="bbox 342 2626 2789 3434">
     <span class='ocr_line' id='line_1_26' title="bbox 345 2626 2789 2737; baseline 0 -33"><span class='ocrx_word' id='word_1_232' title='bbox 345 2658 754 2737; x_wconf 79' lang='lat' dir='ltr'>corporeum</span> <span class='ocrx_word' id='word_1_233' title='bbox 770 2655 985 2702; x_wconf 88' lang='lat' dir='ltr'>rerum</span> <span class='ocrx_word' id='word_1_234' title='bbox 1007 2626 1398 2708; x_wconf 87' lang='lat' dir='ltr'>universum,</span> <span class='ocrx_word' id='word_1_235' title='bbox 1427 2638 1499 2702; x_wconf 88' lang='lat'>&amp;</span> <span class='ocrx_word' id='word_1_236' title='bbox 1518 2657 1655 2702; x_wconf 90' lang='lat' dir='ltr'>non</span> <span class='ocrx_word' id='word_1_237' title='bbox 1671 2627 1785 2701; x_wconf 84' lang='lat' dir='ltr'>nifi</span> <span class='ocrx_word' id='word_1_238' title='bbox 1805 2655 2001 2700; x_wconf 89' lang='lat' dir='ltr'>unam</span> <span class='ocrx_word' id='word_1_239' title='bbox 2018 2637 2358 2701; x_wconf 87' lang='lat' dir='ltr'>materiam</span> <span class='ocrx_word' id='word_1_240' title='bbox 2384 2660 2459 2703; x_wconf 85' lang='lat' dir='ltr'>ex</span> <span class='ocrx_word' id='word_1_241' title='bbox 2478 2660 2609 2730; x_wconf 89' lang='lat' dir='ltr'>qua</span> <span class='ocrx_word' id='word_1_242' title='bbox 2626 2660 2789 2719; x_wconf 79' lang='lat' dir='ltr'>con-</span> 
     </span>
     <span class='ocr_line' id='line_1_27' title="bbox 346 2725 2781 2828; baseline -0.001 -18"><span class='ocrx_word' id='word_1_243' title='bbox 346 2739 479 2813; x_wconf 84' lang='lat' dir='ltr'>stat</span> <span class='ocrx_word' id='word_1_244' title='bbox 504 2789 527 2824; x_wconf 92' lang='lat'><strong>,</strong></span> <span class='ocrx_word' id='word_1_245' title='bbox 568 2730 790 2806; x_wconf 83' lang='lat' dir='ltr'>adhaec</span> <span class='ocrx_word' id='word_1_246' title='bbox 827 2755 969 2801; x_wconf 88' lang='lat' dir='ltr'>non</span> <span class='ocrx_word' id='word_1_247' title='bbox 992 2725 1106 2800; x_wconf 86' lang='lat' dir='ltr'>nifi</span> <span class='ocrx_word' id='word_1_248' title='bbox 1144 2752 1348 2800; x_wconf 89' lang='lat' dir='ltr'>unum</span> <span class='ocrx_word' id='word_1_249' title='bbox 1368 2732 1593 2801; x_wconf 88' lang='lat' dir='ltr'>Deum</span> <span class='ocrx_word' id='word_1_250' title='bbox 1612 2734 1725 2828; x_wconf 90' lang='lat' dir='ltr'>qui</span> <span class='ocrx_word' id='word_1_251' title='bbox 1739 2725 1899 2799; x_wconf 87' lang='lat' dir='ltr'>fecit</span> <span class='ocrx_word' id='word_1_252' title='bbox 1916 2727 2324 2826; x_wconf 87' lang='lat' dir='ltr'>&amp;gubernat</span> <span class='ocrx_word' id='word_1_253' title='bbox 2344 2758 2361 2801; x_wconf 71' lang='grc' dir='ltr'><strong>ε</strong></span> <span class='ocrx_word' id='word_1_254' title='bbox 2397 2737 2485 2804; x_wconf 90' lang='lat' dir='ltr'>ita</span> <span class='ocrx_word' id='word_1_255' title='bbox 2503 2756 2643 2803; x_wconf 91' lang='lat' dir='ltr'>non</span> <span class='ocrx_word' id='word_1_256' title='bbox 2665 2731 2781 2807; x_wconf 83' lang='lat' dir='ltr'>nifi</span> 
     </span>
     <span class='ocr_line' id='line_1_28' title="bbox 342 2826 2778 2932; baseline -0.001 -22"><span class='ocrx_word' id='word_1_257' title='bbox 342 2862 555 2914; x_wconf 82' lang='lat' dir='ltr'>unum</span> <span class='ocrx_word' id='word_1_258' title='bbox 590 2855 852 2907; x_wconf 88' lang='lat' dir='ltr'>motum</span> <span class='ocrx_word' id='word_1_259' title='bbox 874 2883 898 2916; x_wconf 86' lang='lat'><strong>,</strong></span> <span class='ocrx_word' id='word_1_260' title='bbox 933 2855 1054 2931; x_wconf 89' lang='lat' dir='ltr'>per</span> <span class='ocrx_word' id='word_1_261' title='bbox 1076 2853 1277 2928; x_wconf 88' lang='lat' dir='ltr'>quem</span> <span class='ocrx_word' id='word_1_262' title='bbox 1310 2834 1577 2903; x_wconf 83' lang='lat' dir='ltr'>varietas</span> <span class='ocrx_word' id='word_1_263' title='bbox 1610 2826 2050 2932; x_wconf 88' lang='lat' dir='ltr'>pulcherrima</span> <span class='ocrx_word' id='word_1_264' title='bbox 2069 2834 2136 2903; x_wconf 90' lang='lat' dir='ltr'>in</span> <span class='ocrx_word' id='word_1_265' title='bbox 2159 2827 2417 2905; x_wconf 87' lang='lat' dir='ltr'>mundo</span> <span class='ocrx_word' id='word_1_266' title='bbox 2432 2876 2459 2911; x_wconf 83' lang='lat'><em>,</em></span> <span class='ocrx_word' id='word_1_267' title='bbox 2507 2836 2778 2908; x_wconf 67' lang='lat' dir='ltr'>auctore</span> 
     </span>
     <span class='ocr_line' id='line_1_29' title="bbox 343 2926 2749 3036; baseline -0.003 -23"><span class='ocrx_word' id='word_1_268' title='bbox 343 2945 506 3013; x_wconf 89' lang='lat' dir='ltr'>Deo</span> <span class='ocrx_word' id='word_1_269' title='bbox 524 2982 545 3017; x_wconf 85' lang='lat'>‚</span> <span class='ocrx_word' id='word_1_270' title='bbox 580 2931 967 3036; x_wconf 88' lang='lat' dir='ltr'>producitur</span> <span class='ocrx_word' id='word_1_271' title='bbox 980 2935 1313 3033; x_wconf 86' lang='lat' dir='ltr'>percipere</span> <span class='ocrx_word' id='word_1_272' title='bbox 1328 2926 1642 3005; x_wconf 80' lang='lat' dir='ltr'>valemus.</span> <span class='ocrx_word' id='word_1_273' title='bbox 2738 2971 2749 2982; x_wconf 86' lang='lat'><strong>·</strong></span> 
     </span>
     <span class='ocr_line' id='line_1_30' title="bbox 457 3025 2776 3131; baseline -0.001 -20"><span class='ocrx_word' id='word_1_274' title='bbox 457 3063 570 3126; x_wconf 84' lang='lat'>27.</span> <span class='ocrx_word' id='word_1_275' title='bbox 623 3038 706 3108; x_wconf 87' lang='lat' dir='ltr'>Et</span> <span class='ocrx_word' id='word_1_276' title='bbox 719 3031 857 3105; x_wconf 84' lang='lat' dir='ltr'>haec</span> <span class='ocrx_word' id='word_1_277' title='bbox 876 3031 956 3103; x_wconf 88' lang='lat' dir='ltr'>de</span> <span class='ocrx_word' id='word_1_278' title='bbox 976 3054 1197 3103; x_wconf 87' lang='lat' dir='ltr'>motus</span> <span class='ocrx_word' id='word_1_279' title='bbox 1218 3035 1462 3104; x_wconf 89' lang='lat' dir='ltr'>unitate</span> <span class='ocrx_word' id='word_1_280' title='bbox 1482 3030 1741 3106; x_wconf 88' lang='lat' dir='ltr'>videtur</span> <span class='ocrx_word' id='word_1_281' title='bbox 1760 3037 2059 3106; x_wconf 85' lang='lat' dir='ltr'>omnium</span> <span class='ocrx_word' id='word_1_282' title='bbox 2080 3025 2776 3131; x_wconf 72' lang='lat' dir='ltr'>antiquiffimasenten·</span> 
     </span>
     <span class='ocr_line' id='line_1_31' title="bbox 349 3130 2773 3235; baseline 0 -26"><span class='ocrx_word' id='word_1_283' title='bbox 349 3141 444 3210; x_wconf 84' lang='lat' dir='ltr'>tia</span> <span class='ocrx_word' id='word_1_284' title='bbox 465 3188 486 3221; x_wconf 90' lang='lat'><strong>,</strong></span> <span class='ocrx_word' id='word_1_285' title='bbox 522 3140 673 3235; x_wconf 89' lang='lat' dir='ltr'>quia</span> <span class='ocrx_word' id='word_1_286' title='bbox 691 3132 943 3206; x_wconf 88' lang='lat' dir='ltr'>nullum</span> <span class='ocrx_word' id='word_1_287' title='bbox 959 3154 1209 3205; x_wconf 86' lang='lat' dir='ltr'>nomen</span> <span class='ocrx_word' id='word_1_288' title='bbox 1227 3154 1401 3203; x_wconf 85' lang='lat' dir='ltr'>extra</span> <span class='ocrx_word' id='word_1_289' title='bbox 1418 3130 1691 3206; x_wconf 87' lang='lat' dir='ltr'>Scholas</span> <span class='ocrx_word' id='word_1_290' title='bbox 1717 3188 1738 3221; x_wconf 92' lang='lat'>‚</span> <span class='ocrx_word' id='word_1_291' title='bbox 1766 3132 1954 3233; x_wconf 91' lang='lat' dir='ltr'>quod</span> <span class='ocrx_word' id='word_1_292' title='bbox 1975 3131 2168 3204; x_wconf 88' lang='lat' dir='ltr'>sciam</span> <span class='ocrx_word' id='word_1_293' title='bbox 2188 3183 2210 3216; x_wconf 87' lang='lat'>‚</span> <span class='ocrx_word' id='word_1_294' title='bbox 2231 3134 2424 3206; x_wconf 84' lang='lat' dir='ltr'>exstat</span> <span class='ocrx_word' id='word_1_295' title='bbox 2443 3178 2467 3212; x_wconf 88' lang='lat'>‚</span> <span class='ocrx_word' id='word_1_296' title='bbox 2491 3162 2630 3234; x_wconf 90' lang='lat' dir='ltr'>quo</span> <span class='ocrx_word' id='word_1_297' title='bbox 2643 3134 2773 3228; x_wconf 61' lang='lat' dir='ltr'>ho}-</span> 
     </span>
     <span class='ocr_line' id='line_1_32' title="bbox 349 3228 2777 3332; baseline 0.001 -22"><span class='ocrx_word' id='word_1_298' title='bbox 349 3244 555 3310; x_wconf 87' lang='lat' dir='ltr'>mines</span> <span class='ocrx_word' id='word_1_299' title='bbox 570 3235 768 3307; x_wconf 89' lang='lat' dir='ltr'>alium</span> <span class='ocrx_word' id='word_1_300' title='bbox 789 3228 1282 3332; x_wconf 85' lang='lat' dir='ltr'>defignentinre</span> <span class='ocrx_word' id='word_1_301' title='bbox 1300 3257 1622 3332; x_wconf 87' lang='lat' dir='ltr'>corporea</span> <span class='ocrx_word' id='word_1_302' title='bbox 1642 3258 1906 3306; x_wconf 89' lang='lat' dir='ltr'>motum</span> <span class='ocrx_word' id='word_1_303' title='bbox 1927 3278 1948 3313; x_wconf 82' lang='lat'>‚</span> <span class='ocrx_word' id='word_1_304' title='bbox 2034 3257 2181 3305; x_wconf 89' lang='lat' dir='ltr'>uam</span> <span class='ocrx_word' id='word_1_305' title='bbox 2207 3230 2487 3305; x_wconf 82' lang='lat' dir='ltr'>localem</span> <span class='ocrx_word' id='word_1_306' title='bbox 2531 3235 2777 3328; x_wconf 84' lang='lat' dir='ltr'>(confi-</span> 
     </span>
     <span class='ocr_line' id='line_1_33' title="bbox 342 3259 2768 3434; baseline -0.001 -23"><span class='ocrx_word' id='word_1_307' title='bbox 342 3338 652 3411; x_wconf 88' lang='lat' dir='ltr'>derentur</span> <span class='ocrx_word' id='word_1_308' title='bbox 682 3335 954 3405; x_wconf 87' lang='lat' dir='ltr'>nomina</span> <span class='ocrx_word' id='word_1_309' title='bbox 984 3341 1146 3410; x_wconf 76' lang='grc' dir='ltr'><strong><em>κινέω</em></strong></span> <span class='ocrx_word' id='word_1_310' title='bbox 1171 3384 1193 3417; x_wconf 87' lang='grc'><strong><em>,</em></strong></span> <span class='ocrx_word' id='word_1_311' title='bbox 1229 3355 1415 3406; x_wconf 73' lang='lat' dir='ltr'>moveo</span> <span class='ocrx_word' id='word_1_312' title='bbox 1442 3380 1464 3416; x_wconf 87' lang='lat'><strong>,</strong></span> <span class='ocrx_word' id='word_1_313' title='bbox 1494 3330 1851 3433; x_wconf 56' lang='lat' dir='ltr'>flunmen</span> <span class='ocrx_word' id='word_1_314' title='bbox 1870 3342 1900 3426; x_wconf 95' lang='lat'>)</span> <span class='ocrx_word' id='word_1_315' title='bbox 1914 3336 1958 3428; x_wconf 76' lang='lat' dir='ltr'><em>s</em></span> <span class='ocrx_word' id='word_1_316' title='bbox 1984 3259 2170 3404; x_wconf 58' lang='lat' dir='ltr'>flenti</span> <span class='ocrx_word' id='word_1_317' title='bbox 2197 3357 2470 3434; x_wconf 87' lang='lat' dir='ltr'>quoque</span> <span class='ocrx_word' id='word_1_318' title='bbox 2487 3335 2768 3409; x_wconf 87' lang='lat' dir='ltr'>vetustis-</span> 
     </span>
    </p>
   </div>
   <div class='ocr_carea' id='block_1_6' title="bbox 346 3431 2767 3632">
    <p class='ocr_par' dir='ltr' id='par_1_9' title="bbox 346 3431 2767 3632">
     <span class='ocr_line' id='line_1_34' title="bbox 346 3431 1634 3532; baseline -0.007 -21"><span class='ocrx_word' id='word_1_319' title='bbox 346 3439 505 3511; x_wconf 80' lang='lat' dir='ltr'>sima</span> <span class='ocrx_word' id='word_1_320' title='bbox 524 3434 604 3506; x_wconf 88' lang='lat' dir='ltr'>de</span> <span class='ocrx_word' id='word_1_321' title='bbox 621 3439 750 3506; x_wconf 88' lang='lat' dir='ltr'>Dei</span> <span class='ocrx_word' id='word_1_322' title='bbox 768 3443 836 3507; x_wconf 74' lang='grc' dir='ltr'>δι</span> <span class='ocrx_word' id='word_1_323' title='bbox 861 3431 1090 3505; x_wconf 89' lang='lat' dir='ltr'>mundi</span> <span class='ocrx_word' id='word_1_324' title='bbox 1108 3431 1358 3504; x_wconf 88' lang='lat' dir='ltr'>unitate</span> <span class='ocrx_word' id='word_1_325' title='bbox 1375 3435 1634 3532; x_wconf 88' lang='lat' dir='ltr'>opinio.</span> 
     </span>
     <span class='ocr_line' id='line_1_35' title="bbox 452 3529 2767 3632; baseline -0.002 -21"><span class='ocrx_word' id='word_1_326' title='bbox 452 3538 566 3611; x_wconf 89' lang='lat'>28.</span> <span class='ocrx_word' id='word_1_327' title='bbox 612 3531 742 3606; x_wconf 86' lang='lat' dir='ltr'>Sed</span> <span class='ocrx_word' id='word_1_328' title='bbox 766 3537 838 3604; x_wconf 83' lang='lat' dir='ltr'>u&#39;t</span> <span class='ocrx_word' id='word_1_329' title='bbox 853 3532 1167 3632; x_wconf 84' lang='lat' dir='ltr'>paulatim</span> <span class='ocrx_word' id='word_1_330' title='bbox 1188 3529 1502 3604; x_wconf 87' lang='lat' dir='ltr'>descitum</span> <span class='ocrx_word' id='word_1_331' title='bbox 1517 3535 1608 3604; x_wconf 86' lang='lat' dir='ltr'>est</span> <span class='ocrx_word' id='word_1_332' title='bbox 1629 3529 1713 3603; x_wconf 88' lang='lat' dir='ltr'>ab</span> <span class='ocrx_word' id='word_1_333' title='bbox 1733 3536 1978 3603; x_wconf 85' lang='lat' dir='ltr'>unitate</span> <span class='ocrx_word' id='word_1_334' title='bbox 1993 3536 2126 3604; x_wconf 80' lang='lat' dir='ltr'>veri</span> <span class='ocrx_word' id='word_1_335' title='bbox 2151 3537 2284 3605; x_wconf 93' lang='lat' dir='ltr'>Dei</span> <span class='ocrx_word' id='word_1_336' title='bbox 2302 3532 2380 3603; x_wconf 88' lang='lat' dir='ltr'>ad</span> <span class='ocrx_word' id='word_1_337' title='bbox 2399 3530 2767 3608; x_wconf 86' lang='lat' dir='ltr'>multitudi-</span> 
     </span>
    </p>
   </div>
   <div class='ocr_carea' id='block_1_7' title="bbox 342 3630 2772 3933">
    <p class='ocr_par' dir='ltr' id='par_1_10' title="bbox 342 3630 2772 3933">
     <span class='ocr_line' id='line_1_36' title="bbox 342 3630 2767 3733; baseline -0.002 -21"><span class='ocrx_word' id='word_1_338' title='bbox 342 3664 500 3712; x_wconf 86' lang='lat' dir='ltr'>nem</span> <span class='ocrx_word' id='word_1_339' title='bbox 515 3641 816 3710; x_wconf 87' lang='lat' dir='ltr'>Deorum</span> <span class='ocrx_word' id='word_1_340' title='bbox 842 3659 857 3703; x_wconf 73' lang='grc' dir='ltr'><strong>ε</strong></span> <span class='ocrx_word' id='word_1_341' title='bbox 879 3640 965 3704; x_wconf 88' lang='lat' dir='ltr'>ita</span> <span class='ocrx_word' id='word_1_342' title='bbox 982 3657 1200 3704; x_wconf 87' lang='lat' dir='ltr'>motus</span> <span class='ocrx_word' id='word_1_343' title='bbox 1214 3657 1442 3730; x_wconf 87' lang='lat' dir='ltr'>genera</span> <span class='ocrx_word' id='word_1_344' title='bbox 1463 3634 1681 3733; x_wconf 80' lang='lat' dir='ltr'>primo</span> <span class='ocrx_word' id='word_1_345' title='bbox 1700 3631 1962 3730; x_wconf 89' lang='lat' dir='ltr'>quidem</span> <span class='ocrx_word' id='word_1_346' title='bbox 1980 3630 2116 3704; x_wconf 88' lang='lat' dir='ltr'>duo</span> <span class='ocrx_word' id='word_1_347' title='bbox 2132 3678 2156 3712; x_wconf 89' lang='lat'><em>,</em></span> <span class='ocrx_word' id='word_1_348' title='bbox 2182 3630 2422 3704; x_wconf 87' lang='lat' dir='ltr'>deinde</span> <span class='ocrx_word' id='word_1_349' title='bbox 2441 3639 2559 3705; x_wconf 90' lang='lat' dir='ltr'>tria</span> <span class='ocrx_word' id='word_1_350' title='bbox 2578 3687 2602 3722; x_wconf 91' lang='lat'>‚</span> <span class='ocrx_word' id='word_1_351' title='bbox 2623 3653 2767 3710; x_wconf 75' lang='lat' dir='ltr'>tan·-</span> 
     </span>
     <span class='ocr_line' id='line_1_37' title="bbox 345 3728 2460 3839; baseline -0.006 -28"><span class='ocrx_word' id='word_1_352' title='bbox 345 3740 496 3811; x_wconf 89' lang='lat' dir='ltr'>dem</span> <span class='ocrx_word' id='word_1_353' title='bbox 511 3735 695 3839; x_wconf 87' lang='lat' dir='ltr'>plura</span> <span class='ocrx_word' id='word_1_354' title='bbox 711 3729 848 3804; x_wconf 82' lang='lat' dir='ltr'>sunt</span> <span class='ocrx_word' id='word_1_355' title='bbox 871 3732 909 3806; x_wconf 76' lang='grc' dir='ltr'>ὲ</span> <span class='ocrx_word' id='word_1_356' title='bbox 935 3731 1104 3804; x_wconf 87' lang='lat' dir='ltr'>male</span> <span class='ocrx_word' id='word_1_357' title='bbox 1117 3728 2144 3833; x_wconf 62' lang='lat' dir='ltr'>philosophantibusintroducta.</span> <span class='ocrx_word' id='word_1_358' title='bbox 2226 3769 2231 3774; x_wconf 89' lang='lat'>·</span> <span class='ocrx_word' id='word_1_359' title='bbox 2328 3797 2336 3802; x_wconf 84' lang='grc'><em>,</em></span> <span class='ocrx_word' id='word_1_360' title='bbox 2456 3794 2460 3798; x_wconf 87' lang='grc'>.</span> 
     </span>
     <span class='ocr_line' id='line_1_38' title="bbox 438 3829 2772 3933; baseline -0 -26"><span class='ocrx_word' id='word_1_361' title='bbox 438 3864 553 3928; x_wconf 87' lang='lat'>29.</span> <span class='ocrx_word' id='word_1_362' title='bbox 607 3836 788 3920; x_wconf 76' lang='lat' dir='ltr'>Nam</span> <span class='ocrx_word' id='word_1_363' title='bbox 819 3831 1109 3925; x_wconf 67' lang='lat' dir='ltr'>Platonis</span> <span class='ocrx_word' id='word_1_364' title='bbox 1140 3831 1412 3930; x_wconf 90' lang='lat' dir='ltr'>quidem</span> <span class='ocrx_word' id='word_1_365' title='bbox 1449 3859 1748 3933; x_wconf 89' lang='lat' dir='ltr'>tempore</span> <span class='ocrx_word' id='word_1_366' title='bbox 1780 3831 1918 3905; x_wconf 91' lang='lat' dir='ltr'>duo</span> <span class='ocrx_word' id='word_1_367' title='bbox 1954 3829 2070 3904; x_wconf 88' lang='lat' dir='ltr'>soli</span> <span class='ocrx_word' id='word_1_368' title='bbox 2090 3857 2315 3906; x_wconf 83' lang='lat' dir='ltr'>motus</span> <span class='ocrx_word' id='word_1_369' title='bbox 2334 3831 2772 3906; x_wconf 86' lang='lat' dir='ltr'>numeraban-</span> 
     </span>
    </p>
   </div>
   <div class='ocr_carea' id='block_1_8' title="bbox 334 3929 2774 4118">
    <p class='ocr_par' dir='ltr' id='par_1_11' title="bbox 334 3929 2774 4118">
     <span class='ocr_line' id='line_1_39' title="bbox 334 3929 2774 4105; baseline -0.005 -91"><span class='ocrx_word' id='word_1_370' title='bbox 334 3959 451 4024; x_wconf 75' lang='lat' dir='ltr'>‚tur</span> <span class='ocrx_word' id='word_1_371' title='bbox 464 3993 486 4029; x_wconf 87' lang='lat'>,</span> <span class='ocrx_word' id='word_1_372' title='bbox 509 3936 670 4014; x_wconf 81' lang='lat' dir='ltr'>latio</span> <span class='ocrx_word' id='word_1_373' title='bbox 687 3931 792 4008; x_wconf 87' lang='lat' dir='ltr'>seu</span> <span class='ocrx_word' id='word_1_374' title='bbox 810 3933 1032 4009; x_wconf 84' lang='lat' dir='ltr'>localis</span> <span class='ocrx_word' id='word_1_375' title='bbox 1047 3942 1372 4022; x_wconf 48' lang='lat' dir='ltr'>motata&amp;</span> <span class='ocrx_word' id='word_1_376' title='bbox 1390 3934 1710 4021; x_wconf 80' lang='lat' dir='ltr'>alteratio3</span> <span class='ocrx_word' id='word_1_377' title='bbox 1733 3958 1872 4105; x_wconf 25' lang='lat' dir='ltr'>{quo</span> <span class='ocrx_word' id='word_1_378' title='bbox 1886 3929 2134 4011; x_wconf 85' lang='lat' dir='ltr'>faciunt</span> <span class='ocrx_word' id='word_1_379' title='bbox 2147 3933 2255 4006; x_wconf 88' lang='lat' dir='ltr'>illa</span> <span class='ocrx_word' id='word_1_380' title='bbox 2266 3940 2333 4005; x_wconf 90' lang='lat' dir='ltr'>in</span> <span class='ocrx_word' id='word_1_381' title='bbox 2347 3935 2774 4091; x_wconf 61' lang='lat' dir='ltr'>Parmenided</span> 
     </span>
     <span class='ocr_line' id='line_1_40' title="bbox 472 4041 2732 4118; baseline -0.004 -17"><span class='ocrx_word' id='word_1_382' title='bbox 472 4041 485 4051; x_wconf 84' lang='grc'><strong>”</strong></span> <span class='ocrx_word' id='word_1_383' title='bbox 1850 4061 1887 4118; x_wconf 74' lang='lat'>2,</span> <span class='ocrx_word' id='word_1_384' title='bbox 2628 4050 2732 4117; x_wconf 79' lang='lat' dir='ltr'>quo</span> 
     </span>
    </p>
   </div>
  </div>
 </body>
</html>
