3391 4418
960 117 2164 216 CoNTnA'cT'A.
2684 159 2776 234 33

451 252 546 343 '45
558 270 621 337 4.
680 241 949 315 Etenim
973 254 1178 315 Vortex
1198 239 1288 309 est
1301 245 1753 341 congregatio,
1775 240 1837 315 5.
1863 249 1941 309 61
1957 285 1976 307 .
2001 261 2162 330 250.
2193 236 2454 311 fluentis
2472 244 2778 330 materiae,

365 371 508 445 quae
540 351 700 437 circa
726 341 1019 414 medium
1046 343 1371 440 punctum
1399 337 1502 414 vel
1546 362 1845 412 centrum
1876 335 2245 412 orbiculato
2267 358 2466 413 motu
2495 343 2775 414 circum-

367 442 1016 638 ωῗςζῗὶξὲίῗὲςωὸ
1043 537 1314 643 tandem
1344 542 1512 610 circa
1546 535 1718 611 Solis
1757 544 2231 616 extremitatem
2277 566 2563 641 corpora
2596 565 2775 640 quae-

362 640 519 715 darn
537 640 755 716 lumen
775 640 1184 714 obscurantia
1198 636 1686 739 conspiciuntur
1713 691 1737 725 ,
1784 664 1927 739 quae
1957 647 2096 714 Solio
2124 645 2348 714 macula
2383 667 2770 743 nuncupan-

363 768 497 940 mii
506 867 537 936 5
553 852 618 914 6.
671 846 796 914 Hae
814 839 1083 915 maculae
1101 845 1168 911 in
1192 836 1543 912 caelestibus
1558 841 2091 941 generationis&
2114 844 2551 939 corruptionis
2578 867 2775 944 argu-

350 965 581 1117 giento
598 940 793 1019 nobis
809 939 953 1016 sunt
973 993 997 1030 ‚
1031 944 1184 1041 quia
1201 939 1486 1041 disjectis
1499 940 1639 1013 aliis
1664 940 1804 1013 aliae
1825 942 2169 1013 coarQatae
2190 939 2499 1040 quotidie
2544 939 2764 1014 succe-

404 1066 535 1121 unt.

497 1299 785 1386 XIII.
844 1302 1024 1384 ‘tria
1054 1295 1330 1380 Mundi
1362 1300 1734 1378 Elementa
1754 1365 1777 1398 ,
1818 1304 1927 1381 ad
1952 1301 2228 1409 triplex
2262 1323 2629 1411 corporum

645 1438 888 1524 gemes
909 1411 1135 1490 relata
1151 1466 1182 1513 ,
1200 1410 1477 1517 septem
1493 1422 1944 1515 argumentis
1962 1413 2457 1519 demonstrata.

412 1618 1071 1806 457.INgentium
1104 1630 1408 1709 illorum,
1450 1655 1592 1728 quae
1638 1631 1860 1706 modo
1893 1630 2360 1723 recensuimus,
2410 1662 2772 1738 corporum

708 1753 1013 1803 naturam
1041 1779 1065 1810 ,
1105 1734 1581 1831 principiorum
1638 1736 1707 1802 in
1746 1731 2010 1830 Physica
2050 1737 2336 1838 generali
2376 1739 2772 1812 traditorum

360 1832 629 1921 auxilio,
659 1831 1030 1933 cognituris
1046 1825 1412 1929 praediscere
1449 1835 1764 1904 convenit
1788 1888 1809 1916 ,
1842 1833 2203 1930 cujusmodi
2222 1837 2592 1935 primordia
2615 1840 2774 1910 cum

351 1931 485 2035 ipss
501 1939 724 2020 Mundi,
751 1954 899 2003 rum
923 1932 1082 2016 Coeln,
1100 1930 1342 2031 vastam
1363 1928 1665 2003 Univerfi
1678 1937 2021 2033 regionem
2038 1942 2348 2018 tenentis,
2387 1938 2770 2009 constitutio

357 2043 662 2133 requirat.
694 2034 759 2133 §.
781 2055 958 2128 420.

446 2143 611 2233 458.
661 2127 914 2205 Mundi
948 2128 1390 2231 appellatione
1419 2153 1498 2205 ut
1536 2128 1937 2211 multitudo,
1977 2139 2068 2206 ita
2086 2136 2360 2209 variet‘as
2392 2160 2613 2209 rerum
2633 2132 2772 2209 ele·-

355 2237 715 2337 gantissima
737 2235 1136 2304 continetur.
1171 2233 1232 2310 §.
1273 2238 1359 2324 56
1369 2259 1438 2304 2.
1461 2229 1643 2332 seqq.
1666 2254 1704 2327 3
1723 2240 1837 2320 87.
1856 2228 2036 2335 seqq.
2215 2300 2218 2304 4

452 2361 619 2430 459.
672 2328 1010 2405 Mundum
1043 2337 1243 2432 igitur
1273 2357 1414 2403 non
1432 2329 1854 2432 intelligimus
1870 2333 2000 2406 ullz'i
2037 2331 2141 2405 via
2161 2334 2434 2407 confieri
2443 2331 2729 2436 potuiss‘e
2747 2378 2775 2413 ³

359 2434 480 2601 nibfi
512 2458 584 2504 ut
612 2427 864 2626 {neusa
892 2438 1162 2501 materia
1179 2428 1218 2501 εὶ
1243 2435 1400 2520 Deo
1424 2453 1691 2503 motore
1726 2439 2027 2507 omniurn
2042 2439 2266 2533 primo
2299 2439 2361 2506 in
2390 2440 2777 2531 varimpaerm

370 2555 411 2604 a
447 2552 590 2602 tem.
653 2582 669 2596 .
706 2552 953 2620 55.59.

463 2640 645 2723 460.
697 2625 884 2695 Nam
920 2647 1067 2694 ante
1101 2622 1492 2698 divifionem
1522 2653 1803 2699 omnem
1823 2653 1968 2703 tota
1999 2634 2273 2700 materia
2302 2629 2462 2702 haut
2485 2628 2671 2702 aliter
2696 2655 2782 2701 ao

362 2753 496 2803 una
511 2722 772 2828 prorsus
791 2729 1101 2796 continua
1119 2723 1448 2797 &lumine
1470 2725 1777 2797 destituta
1792 2729 2002 2800 moles
2020 2726 2461 2825 concipiunda
2475 2728 2578 2797 est.
2590 2729 2702 2828 §.6
2714 2736 2778 2805 8.

364 2836 545 2928 Qae
578 2823 793 2896 moles
834 2819 1299 2922 aspectabilem
1339 2821 1517 2926 hunc
1563 2823 1919 2911 mundum,
1973 2851 2328 2926 corporum
2359 2824 2777 2915 lucidorum,

360 2924 850 3030 pellucidorum
891 2933 966 2995 &
998 2936 1369 3024 opacorum
1426 2923 1812 2997 admiranda
1856 2933 2163 3002 varietate
2215 2925 2782 3015 condecoratam,

365 3024 817 3131 §.429.stqq.
851 3018 1070 3095 facere
1090 3027 1269 3095 neuti
1323 3048 1470 3095 uam
1490 3031 1739 3125 potuit.

463 3139 636 3224 461.
694 3117 1038 3208 Prae'terea‚
1083 3051 1355 3223 quandlo
1374 3125 1688 3207 Coelum,
1729 3149 1801 3197 ut
1831 3151 2097 3224 quaqua
2127 3124 2357 3198 lumen
2400 3127 2792 3196 transmittat

364 3236 443 3303 ὃς
464 3222 654 3296 stellis
720 3250 796 3296 ro
822 3228 1126 3297 varietate
1153 3247 1457 3297 motuum
1472 3226 1670 3299 cedat
1693 3277 1719 3310 ,
1753 3226 2009 3323 §.449.
2027 3246 2200 3318 451.
2234 3222 2514 3296 fluidum
2547 3247 2789 3323 corpus

362 3328 489 3414 est,
508 3250 743 3409 diviffo
766 3327 1046 3396 materiae
1060 3323 1201 3396 fieri
1231 3322 1465 3397 debuit
1482 3331 1549 3397 in
1563 3325 1871 3419 particulae
1884 3325 2190 3426 admodum
2212 3326 2398 3396 exiles.
2422 3322 2544 3425 §.2
2563 3350 2681 3418 50.

465 3429 567 3521 46
574 3449 638 3495 2.
690 3431 864 3523 Qae
899 3424 1129 3496 motibus
1154 3424 1376 3516 diversis
1412 3426 1487 3500 ά·
1523 3421 1931 3514 quodammodo
1963 3423 2324 3494 circularibus
2370 3424 2790 3523 agitarentur.

355 3529 430 3632 §.
458 3549 542 3617 25
564 3549 629 3614 3.
677 3525 857 3596 Nam
884 3527 1036 3620 quia
1068 3519 1129 3594 se
1165 3520 1338 3593 ultro
1377 3527 1683 3616 citroque
1714 3517 2039 3616 particulae
2069 3517 2364 3592 confines
2403 3517 2646 3591 obnixe
2685 3541 2790 3587 re-

409 3625 628 3697 ellunt
663 3645 858 3721 atquc
880 3628 1465 3720 omnigena-rerum
1487 3617 1837 3719 plenitudo
1870 3615 2155 3692 habetur
2178 3672 2201 3705 ,
2234 3617 2491 3720 fingulae
2522 3641 2792 3690 motum

352 3656 557 3802 {uum
584 3724 760 3795 recti
777 3714 1072 3821 persequi
1097 3717 1238 3790 non
1262 3741 1646 3818 potuerunt.
1672 3718 1734 3817 §.
1756 3744 1927 3807 299.
2831 3815 2832 3818 Ἴ

470 3834 643 3921 463.
703 3827 849 3922 Q
893 3827 1102 3896 varius
1140 3844 1217 3891 ac
1261 3815 1582 3896 circularis
1680 3815 2098 3887 articulatum
2137 3811 2533 3918 lingularum
2569 3833 2797 3883 motus

352 3918 677 4003 ostendit,
713 3919 854 3996 illas
876 3923 948 3994 in
978 3921 1256 4022 figuram
1286 3916 1478 4022 globi
1500 3843 1819 4090 paufittzm
1854 3910 2309 4018 conformatas
2342 3960 2369 3995 ι
2411 3919 2477 3995 §-
2506 3937 2665 4008 303.
2694 3946 2698 3950 ·
2729 3917 2800 3977 δε

636 4071 643 4080 .
1430 4055 1435 4061 ·
2630 4024 2798 4077 atte-
