3391 4418
554 121 757 204 ‘180
1236 107 1343 198 D.
1394 139 1427 197 1
1488 139 1525 197 s
1584 139 1630 198 ι’
1680 129 1755 196 υ
1815 106 2336 198 ·r'·A·.··r'··1‘o

596 219 1033 330 quod-retinet
1051 221 1333 297 eundem
1360 225 1635 327 gradum
1660 225 1898 298 caloris
1921 270 1945 303 ‚
1983 230 2284 296 manetin
2307 217 2558 294 eo‘de'm
2576 216 2985 296 flammatus
3003 251 3038 308 ς·

747 326 790 401 d
813 329 997 426 aeque
1011 323 1259 425 semper
1273 322 1578 427 frigidum
1596 327 1800 398 existit
1821 381 1842 410 ‚
1868 326 1972 397 vel
1984 321 2423 426 perseveratin
2444 316 2822 394 eodemfitu
2838 362 2865 397 2
2882 345 3037 420 per-

629 433 756 503 istit
778 436 842 500 in
858 424 1101 500 eodem
1128 427 1290 497 statu
1308 432 1539 523 quietis
1561 436 1706 499 &c.·
1732 425 1979 499 Adhaec
1996 479 2017 510 ,
2048 423 2209 497 dum
2225 449 2364 494 rem
2382 445 2914 518 unamquamque
2935 420 3041 498 ch·-

607 535 820 604 cimus
853 553 1112 598 manere
1143 531 1209 595 in
1227 528 1467 598 eodem
1483 529 1641 599 statu
1664 579 1687 614 ‚
1726 548 2001 617 quantum
2016 530 2077 609 in
2092 525 2208 621 ipsa
2226 519 2295 618 est
2312 568 2332 602 ,
2368 548 2505 593 non
2530 520 2663 592 hoc
2682 518 2988 594 volumus
3008 565 3032 599 2

607 624 784 728 quasi
827 653 926 699 res
956 650 1274 725 corporea
1302 622 1417 697 suis
1443 625 1680 698 viribus
1706 623 1760 696 se
1784 624 1867 696 ad
1894 624 2066 695 hunc
2083 624 2351 695 illumve
2368 623 2602 693 statum
2623 619 2986 721 perducere
3009 672 3035 707 ,

610 730 670 803 se
722 754 802 800 ue
837 731 905 796 in
948 724 1065 796 illo
1107 728 1480 797 conservare
1500 724 1628 826 ipsa
1645 723 1845 824 poffit
1877 723 2278 823 (quomodo
2295 727 2468 793 enim
2494 719 2610 791 fibi
2625 725 2833 823 porro
2850 721 3037 794 daret

610 757 733 902 eflle
752 825 850 897 vel
871 826 994 898 tale
1015 823 1137 896 else
1159 879 1181 910 ‚
1206 830 1660 926 cumprimum
1682 823 1802 896 effe
1821 824 1924 896 vel
1947 825 2071 895 tale
2093 822 2211 896 effi:
2233 821 2349 894 fibi
2368 847 2706 920 nunquam
2723 819 3036 905 dedet-id)

610 927 725 1005 sed
750 925 885 997 haec
899 923 1037 997 duo
1052 927 1304 997 tantum
1323 922 1752 1027 significamus
1770 969 1790 1003 ‚
1815 949 1839 993 1
1851 977 1868 993 .
1890 923 2107 1018 Quod
2120 928 2189 993 in
2203 921 2333 1022 ipsa
2350 948 2416 993 re
2432 945 2753 1022 corporea
2769 918 2875 995 seu
2888 945 3038 994 naa·

615 1033 779 1103 teria
800 1024 972 1097 nulla
985 1021 1060 1095 fit
1075 1023 1252 1096 causa
1270 1024 1538 1123 alicujus
1560 1029 1958 1097 mutationis.
2001 1052 2065 1096 2.
2080 1022 2295 1123 Qod
2310 1028 2561 1093 ratione
2586 1026 2711 1093 Dei
2731 1019 2905 1094 nulla
2926 1027 3038 1094 iti-

613 1129 766 1201 dem
791 1122 1058 1197 causafit
1077 1177 1099 1211 ,
1115 1149 1232 1195 cur
1247 1124 1477 1197 statum
1494 1123 1672 1197 sumn
1691 1147 1904 1196 mutet
1922 1149 2021 1196 res
2042 1123 2369 1196 naturalis.
2398 1126 2640 1220 Neque
2657 1120 3031 1222 putandum

609 1231 702 1301 est
723 1253 820 1299 res
839 1250 1190 1325 corporeas
1208 1249 1303 1296 eo.
1315 1222 1527 1297 modo
1548 1231 1616 1295 in
1640 1222 1882 1296 eodem
1905 1224 2064 1297 statu
2084 1220 2526 1324 perseverare,
2553 1247 2688 1319 quo
2704 1219 2881 1300 beati
2900 1221 3038 1295 ho-

610 1335 856 1410 mines,
888 1321 1080 1423 quod
1109 1322 1250 1396 sunt
1285 1323 1407 1396 effe
1429 1326 1665 1399 volunt
1688 1381 1710 1412 ,
1749 1323 2041 1423 nihilque
2061 1325 2312 1397 malunt
2334 1377 2355 1408 ,
2383 1321 2800 1396 utMartiaJis
2813 1320 3036 1396 verbis

611 1453 755 1503 utar
772 1460 791 1514 3
826 1451 963 1497 non
981 1429 1157 1495 enim
1177 1425 1509 1498 intelledtu
1527 1435 1599 1499 δε
1619 1423 1958 1499 voluntate
1978 1422 2266 1525 praeditae
2284 1420 2458 1510 sunt3
2482 1419 2721 1522 fed‘pet
2736 1420 3038 1496 duratio-

611 1554 766 1602 nem
790 1523 1146 1626 (implicem
1163 1523 1322 1597 tales
1343 1550 1633 1610 manent,
1650 1525 1870 1623 quales
1885 1525 2046 1604 sunt,
2069 1523 2229 1597 dum
2249 1521 2677 1624 potentiffimi
2694 1519 3040 1596 conservas-

610 1633 770 1703 toris
804 1630 827 1719 (
853 1629 1026 1715 Dei)
1072 1649 1269 1696 manu
1356 1623 1487 1695 uafi
1509 1649 1831 1697 tenentur.
1883 1630 2020 1699 Res
2040 1632 2258 1724 itaque
2272 1623 2620 1696 materialis
2652 1642 3036 1696 minutatur

604 1749 861 1819 unquam
880 1777 903 1812 ,
942 1721 1075 1795 hoc
1092 1725 1263 1795 estin
1281 1652 1478 1794 aqium
1497 1723 1726 1794 statum
1744 1748 1881 1795 non
1900 1721 2306 1805 transfertur,
2340 1723 2377 1794 a
2398 1747 2588 1796 motu
2610 1717 2692 1793 ad
2715 1728 3032 1821 quietem,

611 1830 720 1904 vel
740 1825 785 1898 εἴ.
799 1829 1020 1924 quiete
1035 1822 1125 1894 ad
1136 1845 1393 1895 motum
1411 1822 1922 1895 nontraducitur
1940 1879 1962 1910 ‚
1996 1851 2074 1896 ex
2083 1825 2289 1898 calida
2302 1849 2441 1895 non
2456 1823 2531 1896 fit
2548 1819 2811 1993 sqgida,
2831 1851 3034 1898 extor-

612 1926 815 2000 tunda
849 1949 985 1994 non
1020 1923 1240 1994 evadit
1253 1922 1599 2020 quadrata,
1636 1930 1770 1995 &c.
1803 1921 1974 1996 nist)
1991 1927 2418 2021 caufisexteruis
2435 1923 2594 2018 huju
2622 1924 2811 1996 modi
2830 1930 3037 1998 varia,-

610 2034 712 2099 tio
738 2021 1113 2107 inducatur3
1152 2046 1297 2119 quae
1317 2020 1585 2119 quidem
1604 2018 1806 2095 causae
1822 2048 2096 2098 externae
2121 2022 2471 2097 secundum
2489 2022 2792 2098 ordinem
2814 2025 3029 2099 &Deo

611 2132 684 2198 in
715 2124 974 2195 Natura
993 2120 1350 2193 stabilitum
1369 2119 1561 2195 nullae
1585 2121 1689 2194 hic
1708 2123 1970 2224 poss'unt
1991 2124 2304 2228 intelligi,
2336 2123 2601 2195 nifraliae
2618 2149 2719 2198 res
2733 2131 3037 2198 materia-

611 2225 711 2321 ¹5⁸
727 2272 749 2306 ,
785 2247 863 2294 ex
888 2247 1164 2320 quarum
1182 2221 1558 2298 astionibus
1581 2233 1650 2298 &
1672 2224 2071 2326 pa'ffionibus
2091 2233 2329 2299 mutuis
2347 2252 2643 2324 quaenam
2662 2232 2730 2299 in
2749 2252 2937 2303 motu
2961 2235 3034 2305 δι

614 2328 834 2427 quiete
872 2328 1116 2395 oriatur
1146 2320 1471 2398 diversitas
1487 2331 1552 2398 in
1575 2325 2001 2425 explicatione
2029 2332 2230 2401 tertia:
2247 2329 2517 2401 Natura:
2534 2325 2694 2428 legis
2711 2325 3031 2403 dicemus.

719 2450 783 2519 5.
835 2424 1343 2497 Demonstratur
1375 2423 1517 2498 haec
1551 2428 1823 2501 Naturae
1864 2428 2002 2512 lex,
2053 2426 2747 2502 1.eximmutabilitate
2770 2438 2839 2502 δε
2866 2452 3034 2501 eon-

611 2524 843 2598 stantia
882 2529 1013 2597 Dei
1051 2531 1119 2596 in
1152 2525 1534 2625 operando,
1565 2554 1715 2625 quae
1750 2525 1933 2599 caula
1971 2530 2102 2613 est,
2139 2556 2253 2602 cur
2271 2528 2401 2602 fine
2427 2525 2758 2601 manifesta
2773 2533 3030 2605 ratione

610 2629 1051 2701 mutationem
1089 2630 1157 2698 in
1195 2636 1332 2726 ejus
1369 2626 1681 2729 operibus
1699 2629 1951 2701 »nullam
1975 2628 2333 2702 debeamus
2357 2632 2666 2716 statuere,
2702 2656 2830 2728 qua
2851 2630 2932 2701 de
2958 2655 3029 2705 re

608 2732 831 2800 afitum
854 2728 943 2799 est
963 2726 1126 2827 disp.
1145 2727 1595 2827 precedente:
1633 2732 1932 2828 quinimo
1960 2756 2101 2803 tota
2119 2731 2255 2803 haec
2284 2730 2508 2830 regula
2529 2757 2604 2803 ex
2618 2728 3031 2828 praecedente

611 2822 1048 2926 disputatione
1093 2827 1341 2923 pendet
1361 2881 1381 2909 ,
1433 2854 1584 2900 cum
1634 2856 1711 2900 ex
1747 2857 1821 2901 ea
1860 2829 2103 2928 liqueat
2139 2884 2158 2915 ,
2218 2838 2438 2903 Deum
2473 2858 2544 2904 ut
2573 2829 2923 2931 sspientem
2958 2842 3029 2907 δε

604 2923 1127 3008 immutabilem,
1159 2949 1453 2997 naturam
1490 2937 1560 2998 δε
1589 2926 2030 3026 Ρετῖεᾶἰοηεε
2053 2978 2075 3009 ‚
2109 2958 2282 3029 quas.
2302 2930 2494 3005 semel
2512 2932 2702 3006 rebus
2720 2932 3034 3018 tradidit,

608 3027 971 3096 etiamnum
1017 3019 1391 3096 conservare
1411 3076 1432 3107 ,
1474 3024 1703 3123 easque
1740 3030 2108 3103 constanter
2140 3041 2209 3103 &
2246 3057 2568 3130 perpetuo
2606 3033 2968 3134 gubernare
2996 3074 3029 3111 ι

605 3120 808 3222 quem
831 3126 965 3194 Dei
979 3121 1359 3196 concursum
1382 3149 1644 3198 vocant.
1681 3153 1743 3199 2.
1762 3153 1837 3199 ex
1856 3136 2197 3202 communi
2215 3131 2323 3201 illa
2343 3137 2617 3205 notione
2635 3187 2653 3217 ‚
2676 3132 3026 3228 nibilfitfine

601 3222 772 3315 eausa
792 3248 813 3292 .·
836 3247 988 3293 nam
1009 3222 1160 3294 inde
1180 3222 1460 3323 (equitur
1476 3277 1496 3308 ‚
1519 3229 2045 3327 unumquodque
2065 3226 2460 3330 perseverare
2484 3236 2548 3302 in
2569 3228 2682 3303 suo
2702 3234 2892 3316 statu,
2909 3231 3024 3305 nist

604 3315 787 3396 causa
813 3320 1032 3419 aliqua
1068 3329 1505 3397 mutationem
1544 3325 1812 3401 inducat
1834 3383 1855 3414 ,
1896 3356 2037 3427 quae
2059 3325 2241 3400 eausa
2263 3330 2418 3403 cum
2436 3356 2572 3405 non
2589 3328 2665 3404 fit
2681 3339 2747 3404 in
2766 3330 2976 3432 ipsafre
2996 3382 3021 3417 ‚

602 3417 1207 3524 quatenus.limplex
1226 3421 1575 3495 &indivisa
1590 3428 1678 3498 est
1697 3473 1717 3507 ,
1757 3428 2077 3500 necell'um
2097 3428 2186 3498 est
2205 3452 2275 3501 ut
2295 3429 2560 3504 aliunde
2582 3430 2907 3507 adveniat.

702 3534 767 3595 6.
828 3519 1104 3621 Regulae
1140 3520 1331 3614 hujus
1370 3530 1720 3597 veritatem.
1738 3533 1803 3598 in
1840 3526 2170 3601 nonnullis
2196 3528 2472 3626 quidem
2493 3530 2686 3605 rebus
2708 3559 3025 3633 compro-

600 3620 755 3693 bare
771 3619 1047 3693 solemus
1070 3676 1087 3708 ,
1106 3627 1170 3693 in
1191 3621 1325 3697 aliis
1340 3650 1476 3696 non
1496 3632 1679 3698 item.
1730 3632 1794 3699 Si
1820 3636 1995 3700 enim
2015 3653 2110 3700 ex.
2127 3655 2220 3728 gt.
2241 3629 2527 3726 defigunt
2548 3658 2770 3734 agatur
2787 3688 2808 3720 ,
2831 3632 3020 3709 facile

598 3721 957 3804 eredimus,
1001 3724 1229 3797 imoid
1247 3721 1587 3797 observare
1606 3724 1799 3797 nobis
1815 3728 2112 3805 videmur
2138 3731 2439 3826 quotidie
2461 3778 2498 3809 ‚,
2520 3759 2757 3831 corpus
2775 3788 2795 3819 ,
2831 3731 3023 3831 quod

598 3817 793 3892 semel
818 3819 1207 3918 quadratum
1231 3824 1355 3908 est,
1394 3828 1717 3925 perpetuo
1740 3829 1935 3900 talem
1963 3825 2007 3898 fi
2057 3854 2235 3900 uram
2258 3836 2575 3908 retinere,
2616 3829 2726 3904 nifi
2754 3830 3022 3907 aliunde

594 3920 770 4028 quid
780 3917 1055 3998 accedat
1070 3972 1091 4013 ,
1117 3921 1306 4027 quod
1321 3950 1465 4001 eam
1482 3932 1808 4002 immutet.
1853 3855 2171 4005 similiter
2184 3927 2268 4004 de
2284 3928 3024 4033 quiete-judicamustnee

2831 4034 3043 4138 puta&

2160 4180 2178 4233 l
