3391 4418
657 162 709 215 ο
1322 118 1411 204 Τ
1484 140 1551 199 1·1
1616 141 1682 198 ιτ.
1764 139 1824 197 o
1904 139 1998 196 x·
2040 136 2076 200 r
2147 139 2206 199 a
2339 151 2345 156 ·

553 154 813 342 ἦεν-78.
864 238 1149 313 Certum
1165 230 1319 302 aliis
1334 228 1427 299 est
1443 280 1467 314 ,
1496 223 1680 299 hasce
1700 224 2082 300 affestiones
2100 224 2186 298 ad
2208 229 2582 302 Hominem
2604 283 2628 319 ,
2663 241 2989 336 tanquam·

553 374 631 422 ex
661 366 939 444 corpore
979 346 1052 411 δε
1082 335 1303 404 anima
1315 326 1763 430 compositum
1785 371 1808 408 ‚
1843 331 2243 429 pertinentes
2264 381 2286 413 ‚
2318 324 2568 401 famem
2593 341 2664 406 &
2686 333 2858 410 fitim
2886 337 3004 411 iun*

553 445 786 548 telligo
812 492 834 528 ,
868 441 909 512 εὶ
928 437 1258 513 voluntate
1285 484 1308 519 ,
1334 455 1481 529 quae
1503 426 1699 501 solius
1716 433 1917 502 animi
1933 428 2023 538 est
2038 435 2411 531 proprietas
2426 482 2451 517 ,
2471 456 2694 506 mente
2713 437 2839 511 effi:
2862 438 2996 514 dis-

558 541 939 622 cernendas.
1703 593 1726 600 ,

652 669 827 739 979.
961 634 1136 708 uid?
1166 631 1354 733 quod
1394 654 1615 704 revera
1650 627 1985 702 interdum
2025 624 2436 729 separantur:
2469 655 2572 706 ex.
2588 660 2691 736 gr.
2720 642 2792 713 in
2828 641 3004 738 jeju..

561 753 678 821 nio
707 742 938 842 religio
966 763 1012 808 o
1052 760 1195 807 non
1235 735 1327 806 est
1372 729 1673 806 voluntas
1693 727 1978 814 edendi,
2014 737 2083 801 δε
2108 753 2329 802 tamen
2351 726 2512 831 saepe
2533 737 2716 836 viget
2739 765 2777 811 a
2822 733 3002 840 peti-‘-
3020 743 3058 816 ζ

561 872 666 922 tus
726 838 1030 915 naturalis
1057 883 1081 919 ‚
1131 833 1296 908 dum
1326 829 1556 905 esurire
1599 853 1665 902 te
1707 830 1812 902 vel
1846 828 2009 902 sitire
2043 834 2345 931 percipis.
2420 835 2583 907 Vice
2622 862 2662 909 v
2832 837 3002 940 saepe

562 950 711 1045 quis
753 940 1045 1014 infirmus
1086 934 1225 1011 vult
1258 931 1533 1033 quidem
1563 928 1759 1002 edere
1794 980 1821 1022 ,
1877 938 1950 1004 &
1983 953 2206 1036 tamen
2240 954 2419 1005 caret
2459 941 2752 1035 appetitu
2785 989 2812 1026 ,
2849 965 3001 1014 non

565 1043 780 1120 esurit.
2765 1097 2776 1108 .

582 1191 593 1198 -
665 1145 831 1236 980.
888 1145 1043 1214 Huc
1079 1135 1321 1240 speetat
1340 1130 1505 1205 illud
1538 1126 1836 1212 Medeae,
1870 1131 2038 1202 Video
2052 1132 2288 1203 meliora
2303 1133 2616 1227 proboque,
2649 1135 2846 1234 quod
2868 1133 3006 1211 fine

566 1244 924 1321 voluntatis
943 1238 1158 1339 aliqua
1175 1230 1616 1339 propenfione
1632 1227 1756 1302 effi:
1775 1253 1916 1300 non
1936 1253 2238 1329 potetat3
2258 1231 2540 1304 deteriora
2543 1235 2750 1331 liquor
2763 1288 2786 1318 ,
2807 1260 3003 1310 natu-

570 1343 689 1421 rali
709 1340 1032 1415 defiderio
1055 1333 1468 1411 satisfaciens.
3118 1413 3124 1419 .

580 1486 593 1496 ·
670 1452 843 1539 981.
893 1439 1151 1515 Contra
1184 1459 1289 1508 rex
1323 1443 1390 1507 &
1420 1455 1544 1534 pto
1593 1429 1747 1503 heta
1776 1428 2000 1501 David
2038 1432 2330 1529 appetitu
2347 1431 2626 1506 naturali
2653 1435 2992 1534 desiderabat

570 1545 816 1645 aquam
885 1541 923 1613 ὲ
991 1539 1262 1612 cisterna
1321 1459 1863 1607 Bethlessemitica
1900 1555 1922 1602 .·
1982 1524 2089 1602 sed
2140 1527 2404 1603 allatam
2464 1536 2690 1608 nolebat
2736 1533 3001 1612 bibere.

635 1642 900 1717 Chron.
938 1667 966 1711 1
986 1665 1046 1715 ι.

576 1675 611 1725 1
666 1744 842 1836 982.
876 1738 1214 1814 Naturalia
1230 1732 1368 1805 haec
1391 1730 1708 1805 defideria
1727 1725 1918 1802 solius
1936 1734 2238 1831 corporis
2254 1731 2606 1806 utilitatem
2627 1730 3004 1839 respiciunt,

571 1872 697 1920 nec
713 1843 843 1916 alio
865 1839 1062 1938 quam
1083 1836 1169 1908 ad
1187 1834 1455 1907 salutem
1477 1839 1546 1904 δε
1570 1837 2022 1903 oeconomiam
2040 1837 2182 1906 vitae
2200 1829 2374 1906 illius
2391 1839 2771 1934 vegetativae
2792 1890 2815 1926 ,
2857 1865 3008 1937 quae

576 1945 878 2042 corporis
896 1941 1164 2037 proptia
1181 1933 1272 2006 est
1287 1983 1310 2017 ,
1348 1926 1716 2002 referuntur
1730 1982 1753 2016 ,
1787 1925 1872 2000 de
1889 1956 2021 2027 qua
2041 1932 2156 2032 §.1
2171 1959 2245 2025 4.
2265 1941 2338 2006 &
2363 1930 2505 2030 sqq.

677 2046 842 2136 983.
894 2038 1131 2108 Praeter
1150 2031 1286 2102 hate
1310 2028 1435 2100 alia
1455 2026 1773 2100 defideria
1795 2030 2106 2120 existunt3
2133 2058 2284 2132 ‚quae
2301 2030 2401 2106 vel
2422 2037 2624 2104 totius
2642 2033 3010 2135 compositi

579 2141 687 2219 vel
703 2140 938 2211 mentis
951 2130 1272 2237 praecipue
1290 2128 1656 2202 commoda
1674 2125 1965 2230 spectarit
1981 2181 2006 2217 ,
2031 2155 2105 2205 ut
2122 2158 2205 2235 ap
2256 2137 2444 2205 etitus
2461 2131 2851 2222 divitiatum,
2869 2132 3018 2209 ho-

583 2246 765 2315 noris
784 2295 806 2324 ‚
838 2241 1151 2339 potentiae
1171 2279 1194 2315 ‚
1231 2231 1704 2304 dominationis
1723 2275 1748 2308 ‚
1768 2225 2063 2303 scientiae.
2110 2160 2410 2332 Achuos
2433 2240 2755 2334 appetitus
2770 2260 2893 2338 per
2908 2234 3016 2309 afi-

583 2338 795 2416 fectus
827 2336 1081 2439 aliquos
1118 2336 1398 2409 maxime
1437 2338 1814 2408 excitamur.
1872 2335 1981 2402 De
2001 2327 2344 2409 affectibus
2369 2358 2592 2411 autem
2607 2362 2785 2412 nunc
2806 2363 3012 2442 agen·

584 2441 771 2517 dum.
2999 2435 3006 2440 ⁵

650 2546 683 2579 θ

1112 2639 1201 2726 Χ
1216 2639 1284 2724 L
1302 2635 1342 2720 1
1358 2578 1449 2747 I.⁷
1486 2636 1863 2752 tAffl’aefi‘us
1891 2637 2116 2717 animi
2128 2641 2210 2718 in
2213 2662 2489 2752 genere.

682 2820 849 2915 984.
898 2819 1212 2915 Namque
1230 2824 1397 2888 inter
1411 2811 1831 2900 affeffione‘s,
1916 2836 2010 2883 uae
2033 2815 2316 2888 Homini
2335 2833 2406 2886 ut
2424 2830 2503 2881 ex
2526 2811 2750 2885 animo
2769 2818 2837 2887 δι
2856 2838 3013 2885 cot.

585 2940 752 3022 pore
793 2914 1173 3017 compofito
1215 2913 1633 2993 tribuuntur,
1669 2838 1997 3009 superant
2022 2910 2178 3000 sslae,
2214 2940 2359 3016 quae
2392 2907 2691 3011 fingulari
2712 2912 2792 2987 de
2815 2909 3010 2986 cauti

571 3022 840 3112 paessiones
873 3023 942 3100 §-
963 3028 1126 3118 677.
1164 3015 1386 3112 affeam
1422 3011 1526 3085 vel
1543 3007 1849 3104 affifflones
1873 3057 1897 3095 ,
1931 3034 2047 3083 aut
2062 3018 2450 3088 commotiones
2471 3012 2656 3081 animi
2673 3011 3008 3116 appellau-

591 3138 734 3187 tur:
2880 3127 2900 3146 ‘

636 3276 641 3285 .
686 3211 784 3301 98
796 3233 859 3306 5.
915 3209 1133 3311 Qd
1168 3208 1357 3282 nullae
1380 3208 1513 3284 aliae
1531 3206 1822 3285 sensuum
1847 3214 2114 3283 intetnae
2132 3210 2235 3284 vel
2256 3236 2529 3305 externae
2542 3195 3006 3317 perceptioner

591 3326 938 3412 tantopere
956 3316 1242 3391 animam
1261 3316 1510 3412 agitent
1529 3342 1545 3384 ε
1588 3309 1690 3384 vel
1713 3337 1847 3385 tam
1864 3317 2247 3410 propinqua:
2276 3319 2333 3382 ei
2355 3316 2640 3388 existant.

679 3418 851 3507 986.
906 3413 1182 3512 Qippe
1214 3415 1283 3480 in
1318 3410 1454 3485 aliis
1491 3410 2067 3512 perceptionibm,
2100 3431 2261 3508 quas
2278 3409 2613 3489 referimus
2632 3413 2720 3488 ad
2744 3411 3011 3507 objeCha

579 3526 840 3588 externa
868 3534 983 3584 aut
1014 3533 1231 3612 partes
1265 3518 1561 3612 corporis
1584 3513 1821 3592 nostri,
1867 3513 1930 3588 §.
1955 3531 2119 3606 670.
2137 3508 2277 3610 sqq.
2296 3507 2486 3587 facile
2505 3513 2666 3587 dece
2719 3510 3017 3587 tionilo-

583 3637 693 3684 cus
716 3615 808 3684 est
824 3657 850 3692 ‚
883 3618 922 3693 ‚6
935 3662 955 3683 .
979 3616 1066 3711 83
1091 3638 1149 3686 r.
1169 3607 1304 3711 sqq.
1337 3608 1910 3711 quemadmodum
1949 3618 2018 3683 δε
2042 3614 2110 3681 in
2133 3617 2428 3713 appetitu
2448 3543 2722 3690 naturai}
2744 3668 2766 3702 ,
2801 3636 3016 3715 ηερε,-

575 3709 765 3812 raph.
831 3708 1025 3798 Med.
1065 3717 1196 3786 vl.
1232 3712 1389 3783 leot.
1417 3735 1522 3787 10.
1551 3710 1941 3812 expositum.
2171 3748 2172 3751 ¹

576 3858 625 3885 χ
681 3796 854 3904 987.
901 3810 1068 3882 Non
1102 3815 1265 3883 item
1293 3815 1365 3882 in
1398 3809 1567 3884 hisce
1603 3809 2011 3913 pastionibus
2031 3862 2054 3898 ‚
2085 3818 2238 3912 quia
2277 3837 2416 3890 tam
2446 3822 2839 3924 propinquat
2860 3810 3018 3897 sum

570 3908 845 3996 animae,
883 3926 961 3979 ut
991 3930 1100 3982 eas
1118 3908 1401 3987 aliterae
1416 3910 1561 3989 sunt
1572 3906 2021 4019 persentiscere
2037 3935 2345 4024 nequeat.
2583 3952 2590 3961 ·
2633 3976 2638 3983 .
2913 3932 2932 3947 “
2954 3978 2990 4013 ·.·

2377 4032 2386 4041 ⁴
2415 4030 2421 4039 ’
2721 4016 3015 4112 988.1ta
