3391 4418
625 136 776 225 1⁶68
1273 126 2375 211 DlsPU'rAT1o

724 278 790 349 3.
838 245 1007 319 Non
1021 262 1242 313 autem
1263 236 1471 334 define
1489 239 1726 311 Motus
1748 231 1858 307 hic
1873 230 2349 335 disputabimus
2373 287 2393 321 ,
2446 233 2624 333 quafi
2645 238 3060 342 investigatu-

624 354 680 423 ri
703 400 725 436 ,
780 354 961 441 cujus
991 350 1080 415 rei
1107 343 1315 441 gratia
1349 335 1879 438 unumquodque
1907 361 2149 436 corpus
2184 336 2321 408 hoc
2359 334 2562 410 illove
2589 358 2789 412 motu
2816 338 3089 418 feratur.

629 450 815 523 Nam
834 446 983 519 finis
1021 441 1192 514 illius
1214 444 1384 514 ratio
1408 441 1511 511 vel
1547 445 1617 511 in
1647 443 1853 516 Deo,
1908 436 2090 511 velin
2107 436 2363 527 mundo
2399 463 2736 539 corporeo
2776 441 2932 516 effer
2946 442 3088 545 spe.

633 548 895 622 &anda
952 551 1042 616 At
1079 542 1238 614 fines
1263 538 1624 614 &consilia
1660 544 1789 612 Dei
1816 539 1854 610 a
1895 538 2136 612 miletis
2166 536 2560 612 mortalibus
2597 566 2788 614 mem
2823 551 3091 619 rationis

631 648 877 723 lumine
896 689 920 722 ‚
978 668 1117 743 quo
1144 640 1564 742 Philosophia
1587 647 1793 715 utitur
1815 693 1839 726 ‚
1892 642 2137 714 temere
2162 650 2234 713 δε
2258 636 2482 712 frustra
2499 664 2808 741 putamus
2831 646 3091 717 investi-

683 754 795 820 ari.
851 745 1283 846 Corporeum
1316 747 1472 816 vero
1504 770 1722 815 rerum
1744 740 2106 814 universum
2131 794 2152 827 ,
2207 747 2361 814 curn
2398 738 2476 814 fit
2498 748 2861 817 rationis&
2879 743 3092 818 consi·

636 777 708 921 fii
729 871 953 947 expers
997 900 1020 931 ,
1075 844 1330 917 nullum
1370 842 1490 914 fibi
1523 845 1729 915 finem
1765 869 2143 943 proponere
2180 842 2419 943 potest.
2474 850 2676 944 Qos
2695 864 2915 917 autem
2930 846 3095 922 fines

591 1030 602 1040 ι
638 948 884 1023 horum
920 943 1267 1018 illorumve
1303 969 1614 1018 motuum
1649 945 1761 1016 alii
1789 945 2065 1029 dicunt,
2117 944 2294 1043 quasi
2326 968 2446 1044 per
2463 950 2635 1015 viam
2658 946 2921 1045 aptiori
2942 947 3091 1023 illos

641 1052 970 1151 cognituri
986 1100 1006 1133 ,
1060 1072 1178 1120 eos
1194 1071 1316 1118 nos
1331 1051 1399 1116 in
1417 1044 1680 1147 physica
1698 1043 1950 1146 speciali
1974 1101 1994 1131 ‚
2010 1068 2082 1118 ut
2103 1043 2377 1117 effectus
2392 1068 2699 1118 motuum
2713 1046 3091 1120 confidera-

641 1146 867 1221 bimus
885 1144 1240 1230 method0,
1261 1172 1465 1245 quam
1485 1172 1732 1220 vocant
1756 1151 1792 1217 a
1815 1147 2190 1247 posteriori,
2206 1164 2487 1217 utentes.

734 1277 807 1340 4.
857 1251 1153 1347 Agemus
1173 1250 1373 1348 igitur
1387 1243 1496 1317 hic
1514 1245 1596 1319 de
1613 1245 1747 1322 sola
1770 1251 1952 1320 causa
1977 1246 2241 1341 efficiente
2260 1298 2283 1332 ,
2322 1270 2523 1345 quarn
2560 1249 2627 1317 in
2656 1255 2856 1321 Motu
2877 1240 3098 1319 confi·

643 1345 1006 1423 derandam
1027 1346 1148 1421 elie
1168 1357 1323 1419 cum
1344 1373 1421 1419 ex
1435 1374 1521 1420 eo
1539 1348 1747 1447 liquet
1765 1400 1788 1431 ,
1839 1349 2030 1445 quod
2054 1346 2228 1419 nulla
2248 1372 2348 1433 res
2371 1346 2600 1418 existat‘
2618 1399 2642 1433 ,
2699 1349 2782 1422 de
2799 1374 2932 1447 qua
2951 1370 3094 1420 non

639 1448 838 1553 poffit
850 1444 1051 1546 quaeri
1075 1500 1099 1533 ‚
1151 1474 1451 1544 quaenam
1484 1447 1558 1521 fit
1575 1448 1759 1522 causa
1776 1473 1890 1519 cur
1905 1446 2124 1520 existat
2138 1501 2159 1533 ,
2201 1471 2341 1519 tum
2365 1448 2646 1518 maxime
2664 1477 2740 1517 ex
2754 1474 2841 1519 eo
2860 1500 2884 1533 ,
2903 1444 3096 1546 quod

641 1574 867 1624 motus
885 1547 1013 1620 tale
1028 1544 1103 1618 fit
1123 1572 1338 1616 rerum
1383 1572 1860 1644 corporearum
1893 1549 2238 1625 accidens,
2293 1545 2485 1656 quod
2521 1544 2606 1614 ab
2642 1543 2778 1647 ipsa
2811 1553 3096 1620 materiae

643 1672 872 1724 natura
908 1671 1048 1718 non
1084 1646 1274 1731 fluit3
1316 1642 1424 1714 sed
1451 1643 1713 1716 aliunde
1752 1639 2038 1711 advenit.
2090 1642 2375 1712 Materia
2398 1646 2551 1712 enim
2574 1671 2696 1746 per
2720 1646 2781 1718 se
2810 1643 3094 1747 (Ρεᾶῃῑα

647 1756 819 1824 iners
845 1757 914 1823 &
931 1743 1142 1820 otiosa
1167 1746 1381 1818 moles
1401 1744 1494 1816 est
1513 1795 1535 1831 ,
1593 1749 1687 1818 uti
1703 1738 1911 1842 vulgo
1930 1743 2133 1812 etiam
2151 1743 2554 1842 Principium
2574 1750 2754 1822 mere
2769 1747 3092 1853 paffivum

648 1848 954 1924 habetur.

756 1978 824 2043 5.
873 1943 1481 2047 Qemadmodum
1518 1963 1744 2016 autem
1786 1945 1858 2014 in
1894 1940 2031 2013 aliis
2067 1941 2264 2015 rebus
2299 1940 2575 2043 phyficis
2600 1999 2621 2028 ,
2660 1953 2990 2023 itaeetiam
3023 1955 3093 2024 in

648 2055 854 2124 Motu
872 2046 1093 2147 primo
1113 2041 1676 2117 considerabimus
1701 2041 1954 2115 causam
1987 2044 2374 2135 Vniversalem
2392 2051 2464 2115 &
2480 2053 2855 2147 primariam
2883 2105 2906 2138 ‚
2948 2076 3093 2150 qua:

646 2146 851 2223 efficit
882 2169 1115 2220 omnes
1156 2167 1376 2217 motus
1394 2190 1415 2224 ‚
1474 2148 1592 2245 qui
1624 2140 1772 2217 sunt
1805 2149 1872 2215 in
1898 2169 2230 2243 corporeo
2247 2168 2462 2214 rerum
2489 2148 2820 2239 univers03
2849 2150 3091 2224 deinde

649 2251 1060 2345 particularem
1099 2255 1171 2319 &
1203 2242 1646 2318 secundariam
1689 2297 1711 2326 .
1756 2246 1794 2320 εἰ
1822 2272 1956 2346 qua
1973 2250 2128 2322 varii
2148 2271 2225 2318 ac
2244 2241 2474 2318 diverfi
2495 2256 2564 2321 in
2578 2249 2837 2354 lingulis
2858 2251 3093 2327 mundi

649 2346 944 2453 partibus
964 2372 1184 2421 motus
1199 2346 1718 2448 proficiscuntur.
2784 2403 2789 2408 ,

745 2463 816 2524 6.
871 2445 1097 2536 Gausae
1135 2449 1533 2550 particularis
1582 2454 1852 2522 nomine
1888 2447 2248 2551 intelligere
2288 2450 2767 2552 poffumus.vel
2808 2478 2932 2526 rem
2973 2454 3091 2526 ali-

651 2575 897 2651 quam,
953 2563 1098 2651 q‘uae
1120 2575 1382 2623 motum
1402 2547 1642 2637 efficit,
1681 2549 1785 2621 vel
1820 2557 2070 2645 regulam
2107 2550 2232 2622 live
2261 2551 2324 2623 le
2372 2581 2479 2625 em
2513 2580 2590 2626 ac
2604 2560 2929 2627 rationem
2952 2606 2975 2635 ‚
2999 2553 3092 2628 se-

651 2653 947 2727 cundum
970 2680 1168 2751 quam
1206 2649 1485 2726 efficitur
1520 2678 1781 2726 motus:
1824 2679 1970 2753 quae
2010 2653 2150 2726 duo
2172 2653 2281 2727 hic
2302 2582 2759 2762 dgistinguenda
2774 2649 2916 2729 sunt
2940 2701 2967 2754 Ι,
3014 2678 3087 2730 ut

649 2761 879 2827 omnia
892 2757 1249 2827 accuratius
1316 2759 1736 2855 crcipianturs
2890 2795 2895 2806 -
2968 2773 2975 2779 ’

752 2880 822 2936 7.
872 2858 1098 2925 Priore
1136 2782 1518 2948 senilicausa
1554 2851 1924 2927 universalis
1960 2855 2453 2955 &particularis
2476 2864 2564 2933 ita
2585 2856 3084 2960 distinguuntur,

648 2975 722 3026 ut
737 2949 908 3022 illius
931 2950 1197 3023 effeetus
1217 2947 1292 3020 fit
1326 2975 1546 3024 motus
1574 2954 1864 3047 universas
1897 2963 2101 3028 totius
2135 2957 2401 3044 mundi,
2450 2958 2640 3054 hujus
2682 2984 2902 3031 autem
2925 2954 3085 3030 effe·

652 3058 790 3124 ἂιις
809 3049 885 3122 fit
919 3053 1123 3140 aliquis
1141 3072 1363 3121 motus
1378 3054 1448 3120 in
1481 3049 1606 3122 bac
1624 3048 1814 3121 illave
1832 3053 2059 3125 mundi
2124 3059 2281 3127 arte.
2303 3061 2567 3132 Deinde
2590 3114 2610 3146 ,
2646 3058 2729 3131 ab
2751 3055 3083 3131 universali

648 3146 829 3222 causa
846 3149 1089 3250 pendet
1112 3145 1330 3221 ornnis
1351 3173 1613 3234 mutue,
1667 3153 1798 3250 qua
1813 3174 2038 3225 motus:
2066 3082 2173 3227 (Ed
2195 3157 2233 3228 ὲ
2253 3159 2625 3254 particulari
2656 3157 2837 3233 caula
2852 3156 3083 3260 singuli

643 3272 868 3323 motus
883 3251 1194 3340 peculiaria
1212 3255 1442 3350 nomina
1477 3251 1829 3326 sortiuntur
1844 3281 1936 3327 ex.
1958 3254 2284 3357 gr.cursus
2314 3309 2336 3342 ,
2391 3255 2578 3334 saltus
2598 3312 2619 3343 ,
2673 3261 3039 3335 ambulatio
3056 3311 3080 3345 ,

643 3346 975 3427 adscensus
995 3402 1016 3435 ,
1045 3346 1405 3429 descensus,
1426 3353 1634 3426 fluxus
1653 3399 1675 3431 ‚
1711 3354 2103 3440 destillatio,
2158 3360 2500 3431 converfio
2525 3414 2547 3446 ‚
2593 3367 2853 3463 gyratio
2880 3416 2900 3448 ,
2925 3387 3082 3461 pro-

618 3535 626 3545 ,
643 3456 847 3551 jefflo
867 3509 884 3534 ,
925 3447 1322 3522 claudicatio
1350 3460 1481 3526 &c.
1523 3458 1630 3526 De
1651 3452 2025 3554 hujusmodi
2043 3454 2239 3528 causis
2257 3483 2557 3536 motuum
2572 3460 3078 3564 particularibus

644 3553 976 3656 agendum
991 3551 1080 3625 est
1102 3555 1168 3622 in
1183 3549 1446 3645 Physica
1461 3550 1713 3657 speciali
1736 3612 1753 3637 ,
1792 3583 1933 3628 non
1956 3558 2265 3661 generali.

739 3655 805 3728 8.
856 3653 1220 3726 Posteriore
1253 3651 1428 3727 sensu
1450 3660 1537 3729 ita
1558 3657 1617 3730 se
1642 3654 1892 3730 habent
1914 3656 2097 3732 causa
2131 3685 2351 3735 motus
2373 3658 2749 3735 universalis
2793 3670 2864 3735 &
2878 3664 3080 3762 parti·

642 3751 911 3830 culatis,
948 3765 1112 3839 Rex,
1134 3760 1246 3855 qui
1279 3754 1675 3859 ampliffimo
1717 3781 1922 3861 tegno
1939 3762 2199 3863 praeest,
2246 3768 2510 3855 deleges,
2532 3761 2888 3837 secundum
2917 3787 3078 3861 quas

638 3852 962 3955 populum
986 3850 1308 3956 gubernat
1331 3910 1352 3940 ,
1388 3867 1459 3931 δε
1479 3854 1741 3963 lingulis
1762 3860 1964 3935 officii
1999 3867 2322 3934 rationem
2342 3859 2716 3963 praescribit.
2771 3862 3076 3934 Eodem·

635 3953 998 4058 quemodo
1024 3954 1357 4061 Theologi
1393 3959 1632 4061 duplex
1652 3960 1937 4037 statuunt
1975 3967 2373 4067 principium
2409 3960 2841 4067 Theologiae,
2893 3959 3077 4035 aliud

2978 4087 3080 4136 tn·
