3391 4418
605 152 714 244 98
1231 144 1318 228 D
1381 177 1413 232 r
1476 174 1510 230 s
1569 179 1616 232 P
1672 171 1741 231 υ
1810 170 1866 227 τ
1940 172 2001 225 A
2062 162 2127 228 τ
2188 173 2221 227 1
2284 167 2344 226 o

602 260 711 333 stu
725 256 1001 359 longum
1021 310 1044 343 ,
1074 255 1281 330 latum
1297 266 1368 332 ὃ(
1381 255 1794 360 profundum
1806 315 1823 342 ,
1862 251 2145 359 idipsum
2161 253 2284 328 effe
2306 248 2495 353 quod
2512 245 2781 325 sustinet
2794 277 3028 330 omnes

600 360 749 431 illos
764 358 1006 431 modos
1027 366 1092 431 δι
1111 355 1354 432 formas
1369 414 1392 446 ‚
1434 362 1674 458 quibus
1684 359 1761 432 fit
1775 410 1796 445 ,
1832 384 1908 432 ur
1925 384 2026 430 res
2041 356 2184 429 talis
2204 379 2315 428 aut
2336 351 2477 427 talis
2493 350 2613 424 effi
2636 351 2891 426 dicatur
2909 408 2930 441 ‚
2955 380 3027 431 ut

603 485 772 559 aqua
793 514 814 545 ,
855 457 1129 559 glacies,
1153 485 1395 559 vapor,
1418 459 1985 560 quemadmodum
2006 464 2075 529 in
2088 454 2444 558 specialiori
2462 476 2731 526 contem
2780 453 3026 528 latione

601 556 864 659 physica
901 584 984 658 ap
1033 557 1263 630 arebit.
1312 562 1538 661 Vulgo
1567 584 1789 633 autem
1830 567 2228 634 contrarium
2263 559 2632 656 cogitamus
2654 606 2676 639 ,
2704 480 2870 627 <fam
2888 553 3028 628 for-

602 685 741 731 mas
760 668 828 731 δε
852 685 966 729 mo
1020 659 1282 746 osillos,
1302 661 1474 733 unde
1490 688 1591 737 res
1608 660 1916 759 quaelibet
1932 655 2066 732 suas
2087 655 2657 730 denominationes
2671 657 3031 757 accipiunt,

602 756 923 830 habemus
942 784 1069 857 pro
1089 755 1523 835 fundamento
1540 809 1565 844 ‚
1593 760 1782 862 quod
1799 757 2275 861 longitudinem
2293 811 2314 845 ,
2344 754 2846 831 latitudinem&
2867 784 3025 858 pro·

601 856 997 931 funditatem
1022 854 1345 935 sustentet.

712 985 823 1031 ιι.
869 964 1012 1031 Stat
1046 964 1237 1060 igitur
1261 958 1550 1034 servante
1585 966 1740 1033 Deo
1774 965 1841 1031 &
1881 955 2118 1031 substat
2148 952 2599 1029 accidentibus
2632 961 2904 1027 materia
2917 949 3027 1026 seu

604 1053 930 1137 extensum
950 1110 971 1145 ,
1002 1058 1231 1157 quod,
1259 1087 1376 1162 per
1406 1060 1626 1133 semeti
1678 1055 2210 1161 sumfispeCke-tur
2228 1054 2359 1129 fine
2381 1054 2530 1128 ullis
2545 1052 2816 1145 formis,
2851 1060 3024 1126 iners

603 1169 670 1232 δι
689 1153 896 1230 otiosa
917 1157 1221 1254 quaedam
1237 1161 1447 1234 moles
1461 1164 1585 1247 est;
1634 1160 1719 1233 ed
1734 1186 1875 1258 quae
1889 1186 2013 1231 nec
2028 1163 2336 1231 'minuitur
2352 1210 2373 1244 ,
2395 1183 2518 1230 nec
2538 1179 2809 1256 augetur
2822 1209 2840 1234 ,
2865 1153 3047 1239 cum·

604 1256 811 1331 :iDeo
826 1303 849 1340 ,
890 1263 1003 1356 qui
1025 1261 1321 1334 constans
1335 1307 1360 1340 ‚
1385 1260 1626 1363 sapiens
1640 1270 1712 1335 δε
1733 1259 1948 1332 bonus
1960 1261 2051 1331 est
2070 1313 2093 1345 ,
2130 1283 2252 1330 nec
2272 1257 2555 1359 proinde
2579 1256 2843 1329 destruit
2854 1280 3031 1354 opus.

601 1384 917 1432 manuum
951 1356 1199 1432 suarum
1233 1360 1394 1456 Job.
1425 1388 1533 1435 10:
1579 1389 1640 1454 3.
1676 1369 1749 1433 in
1769 1359 2003 1433 eadem
2036 1356 2285 1459 semper
2304 1362 2667 1457 quantitate
2685 1350 3028 1428 conserve-

601 1483 730 1532 tur.
779 1459 982 1534 Unde
995 1464 1310 1534 Materiam
1315 1465 1700 1559 generationis
1714 1462 2160 1554 &corruptionis
2172 1478 2458 1552 expertem
2478 1483 2615 1532 uno
2639 1480 2754 1529 ore
2776 1453 3025 1527 docent

603 1555 1013 1659 Philosophi.

711 1684 736 1727 1
759 1684 819 1749 3.
871 1657 1089 1763 Qod
1110 1661 1309 1758 vulgo
1324 1682 1463 1728 non
1484 1659 2059 1733 animadvertimus
2079 1714 2099 1744 ,
2119 1657 2280 1730 dum
2297 1683 2389 1730 ex.
2411 1683 2507 1757 gr.
2526 1679 2869 1757 perperam
2890 1659 3035 1728 exi-.

606 1755 978 1842 stimamus,
1010 1765 1226 1859 ignem
1253 1800 1275 1835 ‚
1318 1752 1401 1827 fic
1437 1757 1782 1859 exstingui,
1822 1782 1895 1829 ut
1927 1756 2181 1856 prorius
2213 1758 2336 1832 esse
2363 1755 2647 1834 desinat,
2684 1752 2867 1855 quafi
2897 1755 3027 1827 levi

606 1864 739 1930 oris
758 1857 920 1932 flatu
940 1856 1262 1929 destruere
1292 1853 1619 1955 possemus
1639 1903 1664 1936 ‚
1702 1857 1881 1955 quod
1918 1864 2398 1959 omnipotentia
2416 1854 2521 1929 sua
2539 1852 2723 1929 Deus
2743 1860 2983 1930 creavit
3002 1907 3034 1938 2

601 1956 905 2057 autquasi
924 1957 1102 2029 illico
1120 1955 1332 2053 abiret
1347 1956 1383 2027 ὲ
1401 1956 1654 2030 mundo
1674 1955 1863 2055 quod
1877 1956 2015 2029 abit·
2038 1985 2114 2030 ex
2135 1958 2339 2030 oculis
2352 1959 2606 2029 nostris.
2633 1956 2768 2031 Sed
2792 1954 3025 2029 funda-

593 2082 907 2133 mentum
943 2055 1137 2149 hujus
1176 2059 1408 2126 erroris
1439 2056 1530 2126 est
1553 2108 1577 2142 ‚
1611 2058 1805 2156 quod
1843 2083 2044 2130 omne
2066 2083 2302 2159 corpus
2324 2054 2608 2129 senfibile
2633 2055 2757 2131 effe
2778 2056 3022 2129 debere

601 2179 936 2263 putamus.
1007 2153 1224 2256 Qod
1240 2160 1307 2225 in
1325 2154 1453 2226 fine
1475 2152 1635 2258 disp.
1663 2185 1692 2256 3
1723 2153 2167 2233 refutavimus·
2221 2155 2532 2233 Dividere
2548 2156 2818 2259 quidem
2842 2184 2917 2230 ac
2933 2156 3025 2228 se-

601 2281 828 2362 parare
844 2255 1175 2357 poffumus
1189 2278 1404 2356 partes
1415 2263 1698 2330 materiae
1710 2282 1806 2331 ex.
1820 2285 1915 2359 gt.
1937 2264 2102 2360 ignis
2120 2304 2141 2339 ‚
2160 2285 2300 2357 quae
2319 2266 2471 2355 conj
2479 2263 2689 2332 unitae
2708 2257 3027 2333 visibilem

603 2361 941 2434 flammam
961 2353 1226 2429 faciunt.
1277 2360 1531 2429 Verum
1545 2358 1738 2454 divifio
1754 2382 1823 2431 ut
1841 2384 1948 2432 non
1956 2359 2108 2451 facit
2128 2411 2150 2437 ,
2171 2368 2257 2432 ita
2272 2384 2367 2430 nec
2382 2362 2526 2431 tollit
2544 2363 2847 2432 materiam
2867 2414 2889 2444 ,
2915 2357 3027 2430 sed

602 2457 847 2534 saetam
866 2466 936 2530 δε
956 2453 1277 2530 extensam
1297 2454 1711 2556 consequi-tur
1729 2511 1749 2542 ,
1783 2455 1945 2560 disp.
1974 2487 2003 2552 3
2032 2511 2054 2545 ‚
2070 2458 2165 2533 th.
2191 2485 2257 2548 9.
2311 2458 2653 2533 Divifione
2672 2456 2829 2559 saepe
2861 2485 3025 2532 con-

600 2565 793 2663 tingit
808 2582 879 2633 ut
894 2557 1138 2632 desinat
1151 2554 1277 2630 effe
1300 2555 1424 2630 tale
1446 2583 1684 2657 corpus
1703 2610 1725 2644 ,
1753 2554 1866 2632 std
1889 2583 1961 2634 ut
1975 2585 2216 2662 corpus
2230 2557 2355 2635 esse
2376 2557 2623 2633 desinat
2639 2612 2663 2646 ,
2692 2559 2830 2633 fieri
2854 2586 3023 2632 nun-

598 2686 798 2764 quam
825 2662 1062 2762 potest.

705 2789 814 2852 ¹4·
869 2764 1217 2859 Qniam
1251 2761 1410 2834 vero
1450 2756 1650 2833 nobis
1679 2764 1748 2830 in
1779 2757 2038 2834 mundo
2075 2756 2395 2861 nusquam
2423 2762 2713 2832 occurrit
2745 2763 3022 2833 materia

601 2857 721 2934 nisi
757 2861 1140 2932 modificata
1171 2868 1244 2930 &
1283 2858 1369 2931 ad
1398 2884 1644 2932 certam
1677 2856 1966 2932 formam
1997 2860 2319 2944 restricta,
2347 2859 2503 2932 hinc
2538 2878 2773 2960 praeter
2790 2861 3021 2951 causam

593 2962 846 3055 primam
868 3009 890 3043 ‚
943 2962 1165 3028 Deum
1184 3008 1206 3039 ,
1234 2956 1386 3027 alias
1403 2959 1596 3029 etiarn
1620 2957 2102 3033 consideramus
2123 3013 2145 3045 ‚
2166 2960 2567 3059 quaesecunda
2589 2959 3025 3060 appellantur.

600 3062 682 3132 Et
703 3056 802 3129 hae
817 3055 1091 3155 quidem
1112 3081 1251 3126 non
1271 3052 1652 3129 conservant
1672 3065 2012 3131 materiam
2028 3112 2050 3144 ,
2090 3085 2406 3156 quatenus
2426 3059 2669 3169 aliquid
2692 3059 3023 3134 extensum

598 3158 690 3229 est
737 3164 759 3248 (
781 3156 850 3227 id
873 3161 1048 3229 enim
1067 3157 1104 3228 a
1125 3153 1265 3227 solo
1287 3160 1446 3228 Deo
1467 3163 1490 3248 )
1515 3187 1534 3241 3
1564 3152 1674 3227 sed
1692 3182 2095 3232 concurrunt
2118 3185 2343 3233 tamen
2359 3158 2445 3231 ad
2460 3158 2879 3232 efficiendum
2897 3213 2920 3246 ‚
2941 3183 3018 3232 ut

597 3281 697 3329 res
731 3255 1075 3329 materialis
1104 3283 1193 3328 eo
1218 3254 1433 3327 modo
1468 3255 1592 3328 effe
1623 3281 1851 3357 pergat
1868 3284 2009 3355 quo
2029 3260 2161 3345 est,
2192 3258 2473 3332 eandem
2491 3257 2769 3359 speciem
2790 3314 2812 3347 ,
2840 3260 3019 3333 idem

596 3382 849 3430 nomen
864 3362 1159 3428 retineat.
1210 3369 1342 3426 Non
1359 3359 1717 3451 constrvant,
1750 3356 1820 3428 id
1830 3360 1927 3427 est
1941 3362 2147 3456 porro
2167 3360 2426 3430 existere
2448 3355 2733 3449 faciunt3
2754 3358 2855 3433 sed
2871 3387 3020 3463 per-

597 3456 804 3531 ditam
832 3480 906 3528 ex
923 3480 1106 3557 parte
1122 3460 1457 3527 entitatem
1478 3454 1814 3529 restituunt
1832 3507 1852 3539 ,
1886 3479 1960 3528 ut
1976 3454 2286 3530 alimenta
2308 3488 2344 3546 3,
2364 3457 2468 3530 vel
2488 3457 2698 3534 causas
2718 3488 3017 3535 corrum-

595 3583 823 3659 pentes
838 3579 1219 3632 removent‚
1253 3559 1344 3626 uti
1362 3551 1445 3623 sal
1465 3555 1502 3625 εἰ
1526 3580 1718 3628 carne
1739 3556 2347 3657 arcerputredinem
2361 3557 2713 3636 efficientes
2731 3559 2969 3635 causas.

703 3680 815 3827 ¹15·-
862 3664 1095 3757 Itaque
1128 3652 1656 3755 distinguendum
1677 3657 1772 3728 est
1788 3663 1958 3729 inter
1979 3662 2295 3731 Materiam
2305 3662 2555 3753 primam
2576 3714 2597 3746 ‚
2637 3661 2773 3735 hoc
2799 3664 2890 3734 est
2910 3688 3017 3733 ex-

600 3779 710 3830 ten
738 3784 848 3830 um
890 3756 1265 3859 [impliciter
1289 3763 1358 3829 &
1385 3757 1679 3829 universe
1703 3754 2178 3831 consideratum
2199 3805 2225 3836 ‚
2264 3759 2446 3857 quod
2470 3786 2650 3833 mera
2673 3761 3023 3835 substantia

591 3857 726 3943 est,
765 3856 800 3932 3
846 3855 990 3934 solo
1036 3863 1192 3931 Deo
1229 3852 1526 3958 pendens
1539 3886 1560 3942 ς
1604 3865 1676 3932 δε
1720 3862 2068 3930 Materiam
2122 3863 2389 3929 “undam
2418 3912 2441 3943 ,
2471 3859 2605 3931 hoc
2636 3864 2731 3933 est
2769 3859 3020 3959 aliquid

590 3954 725 4032 hoc
756 3957 956 4038 fflove
993 3958 1208 4036 modo
1247 3954 1575 4033 extensum
1607 4004 1633 4045 a
1678 3956 1804 4037 hnc
1846 3956 2037 4035 iu'ave
2103 3983 2294 4035 orma
2320 3956 2666 4065 praeditum
2687 4013 2711 4050 ‚
2739 3965 2809 4032 in
2832 3983 3021 4032 cetto

2800 4083 3025 4137 rerum
