3391 4418
973 125 2158 218 ans1cAXv11.
2649 143 2792 242 165

342 246 635 344 relinqui
675 235 989 340 nusquam
1022 241 1346 339 patiatur,
1388 233 1710 335 quodque
1744 234 1902 312 ideo
1937 245 2108 341 ignis
2134 267 2255 342 per
2282 250 2508 316 omnia
2522 253 2804 325 maxime

342 347 790 450 penetraverit
808 395 831 428 ,
868 337 1108 412 deinde
1134 344 1242 410 a‘e'r
1265 390 1289 424 ,
1327 361 1563 437 utpote
1584 342 1699 437 qui
1715 336 1831 439 ipfi
1855 347 2167 413 tenuitate
2189 344 2281 414 est
2298 347 2636 445 proximus
2654 393 2678 426 ‚
2725 357 2799 423 δε

342 450 467 525 alia
484 443 673 520 fimili
703 446 954 517 ratione
985 441 1333 540 deinceps,
1379 436 1498 511 ubi
1532 464 1736 539 parva
1773 445 1843 519 in
1873 467 2267 543 magnorum
2307 446 2796 535 contruduntur

345 555 602 622 inania:
637 545 871 620 Postea
893 541 1120 616 addit:
1160 553 1300 635 Igne
1324 543 1451 612 hinc
1485 545 1785 626 evolante,
1814 544 2013 637 quippe
2041 566 2172 615 cum
2198 568 2308 639 non
2340 546 2453 644 fiat
2472 549 2533 617 in
2550 571 2794 620 vacuum

342 656 566 728 exitus,
597 648 878 742 proximae
909 650 1009 719 a'e‘r
1020 641 1210 741 pulsus
1236 642 1498 715 mobilem
1523 643 1706 716 adhuc
1723 646 1929 717 molem
1964 646 2338 720 humidamin
2363 650 2503 743 ignis
2509 646 2663 743 sedes
2677 652 2795 723 im·
2830 655 2841 660 “

376 754 496 827 ellit
512 804 535 837 ,
564 750 689 827 (π.
1334 807 1338 810 .
1802 807 1827 815 „

336 770 372 845 p
440 856 505 926 8.
561 852 638 920 ln
672 844 933 927 Scholis
965 841 1170 945 vulgo
1189 840 1486 921 docent,
1525 840 1704 923 hunc
1723 867 1989 920 motum
2010 898 2033 933 ‚
2064 869 2267 944 quern
2290 869 2533 922 vocant
2555 858 2787 922 Momm

265 1010 272 1015 .
337 951 693 1023 admutuum
707 952 1027 1021 commum
1042 998 1067 1033 ,
1084 945 1222 1017 fieri
1232 968 1509 1047 propter
1520 941 1746 1047 fugam
1766 953 1991 1032 vacui,
2019 944 2433 1046 eundemque
2447 949 2790 1048 praevalere

344 1055 593 1138 cunctis
611 1050 752 1123 aliis
775 1044 1072 1120 motibus
1089 1091 1115 1125 ‚
1152 1045 1340 1145 quod
1355 1046 1433 1117 ad
1455 1051 1657 1120 totius
1672 1043 1954 1122 univerfi
1976 1043 2231 1120 bonum
2252 1055 2322 1120 &
2344 1044 2786 1123 conservatio.

340 1177 495 1225 nem
530 1151 874 1227 ordinatus
908 1145 1008 1221 fit.
1055 1145 1199 1223 Ubi
1215 1144 1408 1219 rebus
1421 1151 1769 1248 corporeis
1789 1200 1815 1235 ‚
1850 1152 2069 1221 omnis
2088 1151 2492 1249 cognitionis
2510 1156 2786 1249 experti-

267 1340 275 1344 <
334 1248 466 1327 bus
492 1302 512 1337 ,
553 1256 1027 1353 cogitationem
1060 1273 1408 1349 perperam,
1432 1246 1755 1350 affingunt
1776 1245 2207 1322 &confilium
2229 1300 2252 1334 ,
2289 1256 2362 1322 &
2379 1247 2649 1348 quidem
2672 1275 2786 1322 va·

325 1376 505 1427 num
546 1348 800 1450 prorsus
828 1372 1024 1447 atque
1056 1346 1305 1422 inutile.
1356 1347 1751 1444 Quomodo
1786 1354 1965 1422 enim
2004 1372 2235 1422 natura
2255 1394 2278 1425 ‚
2308 1375 2509 1449 quam
2534 1346 2788 1451 sapien-

330 1467 401 1520 te
415 1476 487 1523 rn
509 1449 739 1523 dicunt
752 1503 776 1536 ,
796 1447 1086 1547 nihilque
1111 1444 1337 1517 frustra
1356 1471 1547 1545 agere
1566 1448 1805 1524 volunt
1825 1502 1849 1536 ,
1864 1472 2081 1524 vetare
2098 1472 2213 1522 aut
2224 1445 2445 1551 fugere
2460 1477 2738 1525 vacuum
2755 1493 2784 1528 ι

343 1565 467 1637 (ut
482 1555 690 1633 aiunt,
717 1557 740 1642 )
783 1550 914 1622 dici
932 1571 1134 1647 queat
1148 1598 1169 1631 ‚
1189 1544 1341 1619 cum
1357 1570 1632 1621 vacuum
1655 1550 1936 1646 spatium
1950 1552 2019 1622 in
2032 1574 2245 1627 rerum
2260 1576 2488 1626 natura
2504 1558 2785 1626 omnino

341 1643 498 1719 dari
535 1674 674 1721 non
712 1646 915 1750 poffit
945 1701 969 1735 ,
1039 1670 1271 1747 utpote
1309 1646 1914 1721 contradictionem
1947 1648 2293 1752 implicans
2333 1649 2782 1727 manifestam?

346 1750 557 1825 Certe
573 1774 775 1822 nemo
794 1749 1044 1851 sapiens
1061 1763 1242 1823 vetat·
1254 1771 1363 1821 aut
1375 1744 1446 1821 fu
1497 1752 1541 1822 't
1554 1746 1721 1822 illud
1737 1793 1759 1829 2
1789 1747 1980 1849 quod
1992 1757 2182 1825 novit
2202 1750 2323 1827 effe
2340 1749 2519 1827 factu
2532 1750 2789 1854 prorsus

344 1847 771 1951 irnpoffibile.
844 1856 1023 2024 Qgis
1041 1853 1223 1923 enim
1239 1846 1366 1924 nos
1381 1857 1452 1950 ju
1503 1873 1612 1931 eat
1633 1848 1894 1926 efficere
1908 1896 1933 1931 2
1965 1876 2039 1925 ut
2059 1852 2240 1931 idem
2259 1848 2446 1925 fimul
2471 1851 2548 1927 fit
2566 1861 2792 1927 &non

344 1951 476 2029 fit?
512 1956 605 2025 Ea
635 1949 770 2024 sola
804 1949 937 2054 legi
994 1980 1065 2026 us
1087 1949 1430 2053 prohiberi
1471 1979 1617 2053 quae
1645 1952 1789 2027 fieri
1809 2008 1833 2042 ,
1870 1959 1943 2027 δε
1973 1949 2164 2026 facile
2191 1949 2463 2053 quidem
2484 1952 2625 2027 fieri
2642 1950 2795 2055 pos·
2858 2027 2867 2032 ,

341 2049 487 2125 sunt
500 2103 524 2137 ,
568 2076 706 2124 non
722 2079 871 2154 quae
890 2053 1242 2127 difficulter
1256 2056 1566 2135 autnullo
1585 2054 1799 2131 modo
1817 2099 1841 2136 ‚
1859 2052 2301 2150 Jurisconsulti
2320 2053 2592 2129 docent.

437 2180 509 2255 9,
555 2153 690 2227 Sed
732 2160 952 2229 omnis
990 2161 1223 2229 Motus
1253 2211 1274 2243 ,
1305 2160 1423 2255 qui
1454 2153 1549 2230 ob
1581 2151 1811 2258 fugam
1830 2163 2018 2230 vacui
2038 2156 2178 2230 fieri
2201 2154 2676 2243 dicitur,.ideo
2692 2181 2794 2230 re-

337 2275 491 2325 vera
507 2254 581 2326 fit
598 2299 622 2332 2
695 2261 798 2328 uia
818 2282 1061 2355 corpus
1081 2257 1361 2354 aliquod
1382 2280 1624 2357 magna
1643 2261 1711 2328 vi
1734 2250 1992 2328 deloco
2009 2255 2125 2330 suo
2152 2254 2539 2331 deturbatur
2557 2303 2580 2339 ,
2604 2253 2796 2356 quod
2903 2282 2907 2286 ’

340 2351 611 2424 vicissim
645 2284 863 2441 gliud,
903 2362 1097 2452 (quia
1123 2380 1408 2428 vacuum
1443 2354 1726 2456 spatium
1757 2351 2015 2429 nullum
2050 2362 2420 2438 invenitur)
2459 2361 2529 2429 in
2563 2358 2792 2429 locum

342 2453 544 2546 primi
563 2450 826 2549 repellit
846 2504 869 2536 ,
906 2457 973 2523 vi
1007 2463 1075 2524 &
1113 2477 1311 2526 motu
1326 2477 1584 2528 tantum
1597 2478 1934 2555 corporeo
1954 2501 1980 2537 ‚
2011 2463 2170 2528 utin
2196 2452 2741 2555 machinaaliqua
2767 2506 2791 2540 ,

342 2544 528 2619 nulla
558 2553 964 2658 cogitatione
994 2570 1107 2618 aut
1137 2550 1420 2624 confilio
1445 2557 1917 2627 intercurrente
1937 2605 1958 2636 ,
1987 2552 2177 2648 quod
2209 2551 2486 2647 quidem
2505 2553 2653 2650 ipsis
2667 2552 2794 2624 illis

341 2645 546 2720 rebus
577 2649 745 2724 iniit.
806 2649 1058 2719 Divino
1092 2670 1373 2744 namque
1416 2647 1697 2722 consilio
1730 2658 1801 2722 &
1817 2647 1955 2720 haec
1978 2659 2050 2721 δε
2071 2649 2197 2719 alia
2220 2652 2442 2718 omnia
2460 2655 2597 2749 regi
2616 2670 2791 2720 extra

345 2745 631 2822 dubium
647 2741 763 2818 est.
1126 2799 1136 2808 .

447 2873 560 2923 10.
609 2850 695 2921 Et
719 2841 995 2945 quidem
1009 2841 1343 2918 intellectu
1365 2840 1510 2920 latis
1528 2841 1719 2922 {heile
1736 2846 1866 2935 est,
1907 2844 2269 2946 quomodo
2289 2847 2359 2916 in
2376 2853 2560 2920 omni
2582 2852 2788 2922 Motu

345 2951 484 3024 inte
531 2974 602 3021 er
631 2948 867 3046 aliquis
882 2944 1156 3019 circulus
1172 2971 1531 3046 corporum
1551 2944 1739 3021 fimul
1756 2971 2104 3024 moveatur
2120 2992 2142 3029 ‚
2175 2944 2223 3019 fi
2247 2947 2334 3020 ad
2353 2949 2663 3023 circulum
2684 2970 2789 3020 at-

348 2976 697 3124 tendgamus
709 3042 1077 3149 perfectum
1103 3090 1127 3127 ‚
1160 3046 1232 3118 id
1250 3048 1342 3119 est
1358 3098 1382 3127 ,
1423 3074 1820 3150 corporeum
1842 3104 1865 3137 ,
1900 3052 2016 3150 qui
2031 3046 2357 3123 rotundus
2376 3044 2450 3121 fit
2467 3093 2492 3128 2
2515 3057 2584 3123 &
2601 3057 2784 3146 cujus

347 3169 563 3249 partes
588 3175 772 3248 aeque
810 3144 846 3218 Ξι
883 3169 1115 3219 centro
1138 3146 1372 3221 distent
1397 3202 1421 3234 ,
1450 3148 1658 3248 qualis
1693 3151 1783 3222 est
1809 3148 2111 3228 annulus.
2175 3153 2312 3221 Hic
2336 3155 2511 3222 enim
2532 3176 2657 3225 nec
2674 3176 2784 3224 va-

347 3273 484 3323 cuo
505 3304 528 3336 ,
563 3274 687 3322 nec
707 3243 1140 3322 ratefaCkione
1154 3246 1430 3347 quidem
1450 3274 1561 3322 aut
1585 3248 2104 3324 condensatione
2122 3247 2251 3321 ulla
2274 3274 2443 3350 opus
2459 3249 2584 3324 ess'e
2602 3250 2787 3325 vide-

344 3376 497 3425 mus
516 3348 602 3420 ad
618 3351 891 3423 Motum
911 3345 1407 3425 absolvendum.
1447 3352 1837 3453 Exemplum
1856 3348 2207 3423 habuimus
2221 3348 2406 3444 th.·3.
2454 3352 2585 3426 Sed
2604 3351 2787 3423 idem

343 3454 418 3526 in
448 3448 700 3525 circulo
733 3444 1126 3551 imperfecto
1147 3507 1166 3533 ,
1211 3445 1467 3524 hoc‘est
1500 3459 1571 3525 in
1592 3479 1678 3525 eo
1702 3505 1724 3540 ,
1759 3454 1877 3552 qui
1893 3450 1994 3525 vel
2010 3443 2331 3525 rotundus
2350 3477 2490 3522 non
2509 3453 2598 3525 est
2614 3495 2639 3529 ‚
2677 3449 2785 3522 vel

351 3561 535 3653 cujus
570 3575 782 3653 partes
820 3576 956 3622 non
989 3576 1173 3650 aeque
1204 3551 1241 3624 a*
1264 3576 1497 3626 centro
1525 3551 1806 3630 distant,
1842 3552 2061 3625 imbin
2081 3551 2217 3628 aliis
2239 3550 2552 3626 omnibus
2574 3550 2742 3625 locis
2762 3605 2786 3640 ,

349 3656 642 3757 angustia
664 3649 1088 3725 &latitudine
1107 3649 1589 3743 differentibus,
1606 3681 1749 3728 non
1764 3681 1814 3725 ae
1870 3654 1950 3728 ιιὲ
1965 3650 2374 3753 perspicuum
2390 3653 2504 3727 est.
2608 3721 2621 3730 ,

454 3782 485 3829 1
505 3780 566 3828 1.
618 3750 752 3826 Hic
782 3754 977 3854 igitur
1001 3749 1483 3827 observandum
1502 3808 1523 3840 ‚
1566 3763 1802 3829 ornnes
1869 3779 2152 3827 ocorum
2172 3750 2637 3853 inaequalitates
2656 3802 2678 3838 ,
2723 3758 2791 3822 in

229 3913 232 3918 -
347 3851 585 3956 equali
612 3871 919 3928 motuum
953 3853 1283 3934 celeritate
1300 3854 1479 3955 poffe
1500 3881 1578 3928 ac
1602 3854 1847 3929 debere
1865 3852 2299 3955 compensari.
2348 3857 2678 3944 Ponamus
2693 3876 2790 3921 ex.

348 3980 450 4060 gr.
483 3954 683 4062 spatia
714 3962 875 4045 tria,
908 3980 1195 4056 quorum
1237 3953 1603 4040 secundum
1624 3952 1926 4134 duplziit
1951 3956 2273 4061 angustius
2285 3960 2506 4057 primo
2527 4006 2550 4042 ,
2582 3961 2797 4112 32th
2865 3985 2869 3989 ,

1931 4084 1963 4153 3
2652 4128 2656 4132 ,
