3391 4418
804 160 1551 242 Conponuu
1610 158 1886 248 *Vrv
1933 181 2487 248 ENTIUM.
2683 195 2885 274 299*

457 319 465 326 .
522 302 677 368 2¹⁰·
728 268 919 344 Adde
958 263 1148 367 quod
1190 266 1372 341 calor
1393 290 1690 372 eitternus
1708 266 1950 343 fruetus
1967 278 2284 367 coquit&
2308 277 2629 368 maturat,
2671 304 2839 353 arte..

423 404 620 463 nnat,
659 371 958 455 exsiccat,
980 363 1300 451 rarefacit,
1315 374 1449 439 διο.
1472 368 1554 441 de
1573 395 1712 466 quo
1727 368 1929 470 supra.

530 501 608 551 21
629 501 687 549 ι.
743 476 921 570 Qo
961 465 1187 540 officio
1220 491 1297 539 ut
1333 468 1417 540 eo
1451 465 1705 542 felicius
1742 470 1860 544 Sol
1893 470 1959 541 in
1995 473 2440 570 excoquendis
2470 482 2610 553 uvis
2646 479 2832 583 fungi

422 603 621 679 queat
640 625 661 660 ‚
683 571 839 646 folia
860 573 968 644 viti
988 568 1344 640 demuntur
1363 621 1385 653 ,
1406 573 1571 642 vites
1590 594 1861 667 quoque
1879 576 1945 643 in
1967 571 2247 646 collibus
2264 626 2285 658 ,
2302 599 2411 646 aut
2426 581 2598 651 circa
2612 586 2828 680 parie-

420 704 521 754 tes
535 687 603 751 ὅ(
622 695 839 745 muros
858 716 883 748 2
917 670 1034 741 ubi
1055 667 1391 740 radiorum
1414 670 1681 742 reflexio
1697 723 1717 756 ,
1752 672 2150 776 plantantur.

524 806 596 850 21
613 802 674 847 2.
726 778 831 846 Sic
863 768 1196 841 hortulani
1239 772 1307 837 in
1326 768 1551 871 Belgio
1572 768 1949 844 melonibus
1971 801 2004 857 ,·
2031 771 2292 870 aliisque
2310 772 2630 852 stuffibus
2649 832 2667 860 ,
2703 783 2819 876 qui

412 884 729 972 majorem
760 871 1048 941 calorem
1085 865 1171 937 ad
1192 880 1699 944 maturationem
1714 876 2059 969 requirunt
2074 924 2095 958 ‚
2140 875 2320 948 cistas
2341 884 2572 952 vitreas
2596 873 2820 981 impo-

407 995 595 1049 nunt.

498 1101 543 1148 2
560 1100 585 1148 1
607 1102 668 1166 3.
717 1070 944 1144 Simile
964 1067 1041 1137 fit
1060 1071 1130 1138 in
1150 1071 1249 1152 iis,
1270 1093 1413 1165 quae
1432 1067 1516 1139 ad
1534 1072 1755 1167 ignem
1773 1070 2154 1143 culinatium
2176 1067 2485 1160 affantur,
2501 1075 2811 1176 oppofito

398 1179 436 1250 ὲ
454 1180 722 1276 regione
739 1191 1021 1266 corpore
1044 1190 1342 1237 concavo
1359 1217 1380 1244 ‚
1422 1167 1597 1238 unde
1618 1174 1713 1239 vis
1729 1175 1895 1267 ignis
1919 1177 2369 1269 repercutitur.

495 1301 532 1345 2
557 1298 661 1366 ¹4·
712 1268 920 1341 Calor
948 1268 1016 1344 in
1044 1263 1298 1364 plantas
1328 1290 1446 1363 per
1477 1265 1809 1339 intervalla
1823 1273 1990 1365 agit,
2028 1293 2163 1340 non
2177 1275 2434 1340 actione
2458 1278 2767 1347 continua
2788 1327 2811 1360 ,

389 1371 503 1445 sed
522 1376 900 1466 interrupta.
1891 1373 1896 1378 ’

494 1489 604 1560 215
618 1469 810 1556 ,Huc
824 1468 998 1534 enim
1018 1466 1301 1564 pertinet
1313 1460 1501 1561 quod
1523 1465 1589 1539 §.
1612 1474 1729 1555 56.
1745 1460 1836 1559 sq.
1858 1461 2409 1550 docuimus‚suum
2429 1475 2662 1568 cuique
2682 1467 2811 1542 fer-

394 1590 629 1643 mento
649 1589 908 1664 tempus
927 1616 950 1649 ,
988 1590 1126 1663 quo
1147 1561 1372 1658 duret.
1416 1562 1452 1634 d
1473 1585 1699 1633 natura
1714 1562 2096 1661 aflignatum
2119 1562 2240 1635 effe
2261 1609 2282 1643 ‚
2319 1573 2390 1637 δε
2404 1569 2590 1665 quod
2614 1564 2808 1641 semel

393 1667 785 1741 fermentata
819 1662 1060 1736 eodem
1093 1659 1421 1734 fermento
1465 1660 1687 1733 denuo
1724 1656 2099 1740 fermentari
2142 1688 2468 1764 nequeant
2487 1721 2508 1756 ‚
2546 1672 2670 1772 §.1
2690 1693 2715 1742 1
2732 1690 2812 1744 0.

423 1796 534 1941 qqz
552 1872 657 1940 16.
705 1870 932 1963 Itaque
958 1885 1070 1935 aut
1100 1860 1224 1932 alia
1255 1860 1578 1934 accedunt
1602 1915 1623 1947 ,
1665 1888 1810 1961 quae
1845 1886 2091 1935 novam
2121 1861 2428 1940 fermenti
2461 1873 2806 1943 materiam

386 1966 720 2074 praebeant
738 2019 760 2053 ‚
799 1988 869 2038 ut
888 1970 962 2035 in
972 1959 1363 2065 paroxysmis
1379 1959 1722 2035 febrilibus
1739 1988 2040 2064 apparet3
2650 1959 2665 1981 '

490 2098 527 2145 2
545 2096 571 2141 1
585 2096 652 2168 7.
701 2075 846 2139 Aut
881 2064 1057 2137 certe
1078 2066 1397 2163 temporis
1416 2062 1829 2146 intervallum
1852 2069 2223 2139 intercurrit
2240 2121 2261 2153 ,
2296 2093 2435 2167 quo
2453 2070 2606 2170 pori
2626 2093 2803 2141 nou-

383 2168 547 2246 nihil
560 2175 984 2242 immutantur
999 2208 1023 2246 ‚
1056 2189 1131 2237 ut
1150 2164 1229 2236 fit
1240 2168 1573 2238 nostumo
1592 2161 1996 2239 velhiberno
2013 2163 2279 2268 frigore.

487 2298 526 2341 2
541 2295 567 2338 1
582 2270 651 2342 8.
672 2272 893 2362 Atque
909 2263 1064 2334 hinc
1085 2263 1371 2361 pendere
1394 2263 1700 2336 videntur
1717 2262 2162 2338 distinctiones
2181 2293 2517 2340 ramorum
2538 2273 2606 2339 &
2631 2263 2800 2339 nodi

386 2371 456 2437 in
470 2362 811 2435 arboribus
829 2393 850 2446 ς
893 2367 963 2432 in
982 2357 1300 2432 cornibus
1317 2367 1475 2433 itern
1494 2360 1869 2433 animalium
1892 2411 1913 2440 ‚
1947 2363 2122 2435 unde
2138 2389 2446 2439 numerus
2467 2390 2799 2439 annorum

387 2466 588 2532 aetatis
603 2465 672 2528 in
694 2457 915 2549 bestiis
931 2454 1323 2554 quibusdam
1339 2458 1543 2559 vulgo
1561 2458 1903 2552 dijudicari
1917 2454 2100 2533 soler.
2539 2534 2546 2539 .

488 2585 524 2631 2
543 2582 568 2630 1
585 2579 653 2643 9.
699 2557 885 2625 Nam
918 2554 1107 2650 quod
1141 2579 1275 2625 uno
1299 2554 1404 2624 die
1430 2556 1533 2628 vel
1551 2581 1726 2627 anno
1746 2555 2056 2646 crescenti
2080 2556 2305 2627 arbori
2322 2558 2658 2650 adjicitur,
2695 2562 2796 2632 di-

380 2657 724 2758 stinguitur
736 2651 969 2748 aliquo
983 2649 1199 2724 modo
1220 2648 1304 2721 ab
1326 2659 1445 2734 eo‘,
1480 2651 1674 2748 'quod
1693 2651 1948 2723 aceedit
1965 2652 2071 2724 die
2087 2651 2191 2722 vel
2206 2676 2379 2725 anno
2399 2650 2733 2750 sequente.

480 2784 519 2831 2
532 2778 644 2828 ιο.
772 2748 1275 2850 uandoquidem
1297 2774 1429 2822 nox
1445 2774 1557 2823 aut
1574 2748 1782 2823 hiems
1804 2751 2262 2851 interponitur.
2703 2770 2708 2773 ’

481 2880 644 2929 221.
699 2853 984 2937 Materia
1020 2876 1296 2951 quoque
1330 2849 1587 2926 calestia
1623 2856 1689 2922 in
1723 2848 1981 2952 plantas
2017 2859 2088 2926 δε
2122 2851 2244 2922 alia
2261 2849 2575 2923 terrestria
2592 2873 2793 2954 agens
2885 2866 2890 2941 f

371 2983 498 3058 pto
513 2980 665 3027 anm
681 2978 815 3026 tem
869 2977 983 3025 ore
1000 2974 1203 3027 variat
1216 3007 1237 3036 ‚
2515 3038 2518 3039 ⁷

382 3098 387 3104 .
474 3057 639 3130 ηιξ
677 3058 761 3128 Et
839 3051 1060 3124 milem
1091 3058 1163 3126 in
1193 3050 1293 3122 his
1318 3060 1390 3126 δε
1410 3053 1574 3138 fllia,
1610 3058 1860 3155 inquae
1875 3057 2051 3154 agit,
2097 3050 2401 3152 subjectis
2423 3042 2790 3152 dispofitio-

374 3179 528 3226 nem
546 3159 887 3228 inveniens
903 3205 924 3239 ‚
956 3150 1229 3226 ssmilem
1248 3153 1606 3253 utrobique
1621 3181 1665 3225 o
1717 3158 2080 3227 erationem
2102 3176 2379 3225 exercett
2489 3170 2494 3175 ’

382 3294 398 3314 2
479 3280 567 3327 υ.
581 3284 609 3350 3
624 3306 643 3326 .
667 3309 670 3312 .
692 3248 979 3326 Proinde
1011 3259 1251 3328 mirum
1271 3280 1413 3328 non
1432 3256 1522 3327 est
1537 3299 1559 3336 ,
1591 3251 1637 3325 fi
1702 3277 1929 3351 orente
1949 3257 2081 3327 vite
2099 3258 2383 3326 mutatio
2402 3242 2701 3349 quaedam
2719 3252 2785 3320 in

367 3354 531 3429 vino
547 3351 1076 3454 deprehendatur
1094 3383 1111 3427 ε
1688 3358 1689 3361 ’
1964 3440 1968 3444 .
2343 3376 2362 3388 ·
2596 3349 2602 3355 ⁸

370 3494 392 3546 -A
479 3478 644 3550 224.
693 3452 1042 3622 Siquidem
1063 3453 1279 3531 fitceus
1302 3462 1372 3529 in
1400 3461 1529 3530 vite
1545 3504 1569 3541 ‚
1601 3479 1676 3526 ae
1691 3457 1916 3528 vinum
1934 3458 2006 3525 in
2030 3448 2218 3525 dolio
2235 3496 2260 3530 ‚
2295 3449 2585 3524 similiter
2610 3472 2784 3546 quo·

366 3552 749 3626 dammodo
808 3551 1333 3653 ispofitafixetint.
1546 3566 1555 3575 “
2504 3548 2537 3599 ·.
2591 3556 2602 3566 “
2637 3609 2688 3630 ..-
2877 3562 2883 3567 ’

468 3679 505 3726 2
519 3674 647 3748 ις.ο
675 3656 822 3727 Pari
840 3659 1090 3726 ratione
1111 3662 1424 3756 contagio
1435 3664 1505 3729 in
1515 3665 1675 3729 «ἕπε
1688 3651 2282 3755 strpente'cmpora
2303 3642 2785 3725 viventi-a‘fimili

371 3752 589 3829 modo
618 3748 853 3827 affeci-a
868 3750 1071 3827 fimile
1140 3757 1427 3830 atiuntur
1446 3810 1468 3844 ‚
1512 3755 1639 3829 alia
1657 3779 1799 3826 non
1814 3752 1992 3825 item.
2367 3808 2372 3813 -
2519 3790 2528 3799 ·
2585 3784 2588 3789 ·
2743 3804 2758 3829 .›

440 3859 791 3958 Qui-,510
821 3852 1018 3955 pestis
1043 3881 1082 3927 a
1116 3855 1163 3884 '⁸
1214 3855 1565 3936 hominum
1586 3907 1609 3939 ‚
1642 3852 1798 3927 alias
1820 3851 2168 3925 bestiarum
2199 3847 2614 3959 quarundam
2629 3872 2784 3927 tor-

367 3978 534 4056 pota
551 3954 861 4036 duntaxat
880 3951 1161 4032 infestat.
2007 3962 2011 3966 “
2499 4042 2503 4046 ,

654 4106 661 4115 .
1682 4053 1737 4126 P
1752 4078 1801 4154 P
1861 4074 1902 4126 2
2506 4062 2666 4133 227·
2700 4036 2782 4104 Et
