3391 4418
576 193 794 272 90'
1240 156 2330 239 DrsruTATro
2560 212 2743 253 ,ι

697 266 998 354 'dentiam
1021 280 1089 347 in
1122 267 1356 342 morali
1390 264 1692 336 doctrina
1724 314 1746 348 ,
1779 260 2150 334 dotStrinam
2182 251 2505 328 moralem
2526 278 2655 325 una
2675 277 2830 327 cum
2852 257 3005 328 Me-

586 388 804 460 dicina
817 385 885 451 in
903 370 1163 468 Physica
1179 425 1201 457 ,
1234 364 1568 465 Phyficam
1589 367 1868 461 denique
1888 367 1957 432 in
1972 355 2417 460 Metapbysica
2435 355 2536 430 vel
2553 362 2765 455 prima
2779 354 3011 430 Philo-

591 483 817 586 sophia
856 476 1134 550 radicari
1162 496 1238 542 ac
1266 465 1551 540 fundari.
1600 463 1733 536 Sed
1752 472 1887 562 jam
1911 459 2073 534 illud
2109 484 2249 532 non
2272 484 2428 560 ago.
2481 453 2716 529 Solum
2746 455 2966 531 doceo
2988 512 3017 545 ,

591 578 947 686 quomodo
974 570 1498 672 jurisprudentia
1529 574 1599 639 &
1633 562 1971 638 Medicina
2005 564 2209 661 magis
2242 560 2443 657 quam
2485 553 2913 657 Philosophia
2948 568 3021 630 in

594 689 886 758 humana
920 675 1226 748 societate
1247 668 1366 740 fint
1381 663 1781 766 conspicuat.
1812 657 2154 763 saepiusque
2171 657 2530 731 nobilitent
2549 681 2629 727 ac
2647 657 3020 731 nobiliten-

598 812 742 860 tur,
778 789 849 852 &
876 798 1144 875 propter
1181 769 1552 841 uberiorem
1592 790 1705 837 aut
1740 788 1914 843 certe
1947 766 2332 863 propiorem
2353 756 2705 830 utilitatem
2735 757 3021 859 pleniori

600 878 786 982 quafi-
821 904 934 950 ore
969 872 1312 946 laudentur
1338 922 1357 954 ,
1391 864 1639 937 etiamsi
1679 863 1943 939 vitalem
1975 859 2237 957 succum
2271 869 2342 933 &
2362 859 2749 928 alimentum
2766 885 2965 931 omne
2986 860 3046 934 a?

603 976 1025 1077 Philosophia
1039 974 1338 1074 primitus
1364 964 1656 1037 hauriant
1677 989 1754 1035 ac
1776 976 2177 1035 mutuentur.

711 1109 771 1177 5.
826 1075 1077 1149 Eiidem
1115 1074 1315 1142 etiam
1340 1065 1762 1139 similitudine
1795 1062 2177 1135 demonstro
2206 1111 2227 1144 ‚
2277 1055 2641 1156 quomodo
2669 1056 3039 1129 Facultates

612 1183 744 1255 istae
765 1180 1079 1274 Superiores
1099 1169 1525 1270 appellentur.
1578 1168 1847 1265 Nempe
1869 1190 1957 1237 eo
1979 1162 2235 1235 tantum
2256 1153 2431 1229 sensu
2447 1184 2625 1256 ,quo
2642 1158 2903 1233 altiores
2926 1184 3037 1229 ar·-

612 1282 853 1356 borum
879 1299 1073 1373 atque
1093 1272 1329 1344 aedium
1348 1294 1560 1368 partes
1575 1321 1603 1348 „
1632 1272 1786 1366 quia
1799 1264 2085 1363 magisin
2102 1258 2371 1333 sublime
2391 1257 2777 1330 attolluntur
2793 1311 2816 1347 ‚
2854 1257 3034 1330 radi-

618 1410 694 1456 ce
739 1389 811 1454 &
845 1372 1281 1448 fundamento
1319 1369 1672 1468 superiores
1703 1366 2046 1450 dicuntur;
2080 1387 2218 1432 non
2261 1382 2522 1439 autem,
2560 1358 2745 1458 quod
2768 1359 2922 1431 ‘talis
2956 1385 3041 1431 o·

614 1485 851 1556 mnino
869 1477 1128 1548 istarum
1150 1468 1630 1571 disciplinarum
1644 1463 1721 1538 fit
1742 1464 1916 1538 ordo
1936 1462 2022 1536 ad
2042 1455 2557 1558 Philosophiam,
2578 1458 2795 1556 qualis
2815 1461 2906 1531 est
2929 1485 3038 1531 ca·

613 1586 765 1685 pitis
780 1577 1048 1649 humani
1069 1573 1159 1646 ad
1173 1570 1375 1675 pedes
1400 1600 1426 1641 ι
1441 1569 1594 1640 cum
1616 1566 1795 1639 radix
1813 1573 1881 1638 in
1900 1562 2135 1637 arbore
2160 1607 2181 1642 ‚
2201 1563 2401 1659 capiti
2423 1568 2491 1631 δε
2515 1566 2616 1632 oti
2633 1565 2712 1629 in
2729 1559 3000 1632 homine
3015 1611 3049 1645 ,

615 1676 978 1756 secundum
1005 1675 1332 1777 vulgarem
1357 1672 1592 1770 plantae
1613 1663 1870 1771 inversae
1891 1691 2084 1763 atque
2111 1661 2397 1733 hominis
2425 1667 2995 1761 comparationem
3016 1713 3052 1747 ,‚

618 1778 731 1855 tes
763 1774 1034 1850 ondeat.

713 1807 788 1953 Ξ.
839 1871 1061 1975 Qod
1083 1871 1128 1943 fi
1144 1868 1316 1944 sorte
1335 1869 1455 1941 alia
1476 1866 1560 1940 de
1577 1862 1762 1939 causa
1776 1918 1798 1951 ,
1832 1862 2030 1937 veluti
2052 1865 2382 1962 regiminis
2404 1856 2605 1933 civilis
2620 1864 2892 1945 intuitu,
2930 1885 3044 1930 ea-

617 2003 738 2084 put
769 1970 1205 2073 Philosophiae
1237 1966 1742 2069 jurisprudentia
1765 1962 2135 2040 censeatur»
2161 1961 2233 2033 id
2255 1987 2391 2034 non
2409 1965 2615 2060 magis
2634 1966 2703 2031 in
2719 1958 2920 2062 ipsam
2933 1960 3053 2055 Ju-

619 2077 1113 2177 tisprudentiam
1135 2125 1162 2156 ‚
1190 2065 1847 2167 quaminPoliticam
1867 2119 1889 2152 ,
1919 2091 2062 2162 quae
2090 2086 2236 2163 pars
2254 2063 2343 2133 est
2372 2056 2809 2162 Philosophiae
2828 2117 2848 2145 ,
2889 2086 3054 2157 qua-

624 2180 808 2254 drare
836 2197 1087 2247 certum
1106 2172 1227 2243 est:
1265 2168 1420 2242 citm
1438 2165 1652 2269 plures
1664 2164 1891 2270 legum
1909 2164 2200 2238 civilium
2219 2215 2240 2248 ,
2274 2185 2591 2259 quatenus
2610 2166 2646 2234 :i
2710 2163 2935 2235 olitica
2955 2161 3060 2232 di-

623 2282 1028 2378 stinguuntur
1061 2268 1445 2374 prudentia,
1485 2268 1772 2369 imperiti
1807 2263 2055 2339 summa
2092 2288 2245 2335 cum
2272 2261 2464 2334 laude
2485 2260 2663 2366 respu
2716 2263 2869 2336 licas
2889 2262 3063 2335 olim

628 2376 1047 2483 gubernarint
1066 2396 1262 2469 atque
1279 2374 1642 2444 etiamnum
1656 2364 2048 2469 gubernent.
2706 2393 2715 2404 ·

723 2502 796 2570 7.
851 2476 1061 2548 Porto
1102 2471 1500 2567 Philofiphiam
1520 2470 1673 2542 cum
1695 2467 2067 2560 radicem&
2080 2464 2585 2541 fundamentum
2604 2463 3058 2566 Jurispruden·

629 2584 734 2652 tiae
759 2586 825 2652 δι
851 2573 1207 2648 Medicinae
1234 2569 1489 2643 affirmo
1505 2615 1527 2651 ,
1564 2594 1785 2642 veram
1810 2576 1880 2642 ὅ(
1909 2564 2121 2640 sanam
2136 2563 2435 2667 intelligo
2451 2622 2471 2654 ,
2503 2589 2645 2663 quae
2664 2560 2851 2639 solius
2868 2569 3058 2637 κάκ

629 2682 900 2752 rationis
929 2675 1151 2748 lumen
1182 2668 1505 2770 sequitur,
1539 2668 1730 2768 quod
1751 2694 1964 2767 neque
1983 2668 2334 2770 prudentia
2353 2669 2521 2764 juris
2555 2689 2771 2761 neque
2793 2662 3065 2737 sanandi

633 2807 733 2852 ars
751 2778 1081 2877 repudiare
1106 2773 1259 2846 velit
1274 2823 1298 2850 ‚
1327 2795 1448 2842 nec
1468 2768 1514 2840 fi
1535 2769 1691 2843 velit
1711 2814 1741 2846 ‚
1768 2766 1991 2869 poffit.
2042 2771 2224 2841 Nam
2243 2765 2287 2837 fi
2306 2766 2606 2840 doctrina
2626 2764 2734 2834 illa
2756 2763 3062 2839 Philoso-

633 2878 809 2979 phiae
832 2877 1024 2947 titulo
1048 2893 1315 2944 ornetur
1332 2922 1352 2953 ,
1370 2895 1513 2965 quae
1525 2869 1909 2953 Aristotelis,
1932 2866 2240 2946 Thomae‚
2259 2872 2442 2941 Scoti
2463 2865 2795 2940 alteriusve
2813 2863 3073 2938 schola-

637 2979 776 3049 stici
801 2973 1090 3044 hominis
1113 2968 1486 3040 testimonio
1514 2962 1780 3038 fulcitur
1799 2998 1818 3052 3
1847 2973 2095 3064 quisita
2113 2973 2461 3040 nominatae
2475 2991 2613 3037 non
2634 2969 2895 3041 infinitis
2915 2993 3069 3038 mo-

639 3077 742 3149 dis
764 3072 982 3146 civiles
996 3070 1170 3169 leges
1187 3087 1546 3164 anteponat
1565 3118 1590 3152 ,
1611 3091 1757 3135 nou
1769 3072 2021 3164 privata
2039 3071 2309 3166 alicujus
2324 3065 2569 3138 ethnici
2585 3089 2696 3139 aut
2713 3065 3024 3141 monachi
3041 3118 3070 3152 ‚

641 3174 750 3248 fed
768 3171 1032 3272 publica
1047 3166 1417 3240 Christiani
1435 3169 1851 3263 Imperatoris
1871 3171 2259 3240 auctoritate
2284 3157 2574 3239 subniiras
2602 3184 2629 3238 ἓ
2910 3160 2916 3164 ⁴

745 3281 811 3342 8.
868 3276 950 3342 Et
999 3295 1080 3339 ne
1115 3266 1348 3357 justum
1386 3290 1547 3337 verae
1582 3260 2014 3363 Philosophia:
2045 3272 2331 3365 pretium
2368 3263 2748 3347 statuendo,
2794 3268 3078 3337 minoris.

692 3370 846 3454 uam
871 3393 985 3469 par
1013 3367 1103 3437 est
1121 3418 1142 3450 ,
1177 3366 1480 3437 aestimare
1500 3363 2060 3437 videarduasillas
2080 3363 2504 3441 nobiliffimas
2523 3362 2882 3466 disciplinas
2898 3410 2923 3443 ³
2944 3361 3069 3434 dis-

643 3401 941 3546 simulare
980 3466 1190 3538 nolim
1207 3466 1450 3561 ,quod
1475 3461 1947 3566 philosophicis
1964 3461 2240 3536 scientiis
2263 3469 2552 3560 dignitatis
2573 3468 2801 3538 ordine
2822 3464 3070 3537 soleant

645 3599 785 3646 non
806 3569 935 3641 fine
954 3561 1132 3641 causa
1150 3561 1478 3636 anteferri.
1529 3566 1745 3666 Qod
1763 3561 1970 3664 ipsum
1992 3590 2062 3637 ut
2082 3564 2301 3638 dextre
2326 3571 2680 3666 accipiatur
2696 3614 2716 3644 ‚
2744 3567 3071 3667 dignitatis

648 3670 946 3771 quaedam
976 3667 1301 3738 distinctio
1329 3666 1419 3735 est
1451 3665 1848 3737 adhibenda.
1908 3668 2054 3737 Alia
2081 3672 2322 3766 quippe
2356 3666 2544 3766 ipsius
2581 3691 2821 3740 naturae
2853 3662 3075 3765 perfe—

652 3776 945 3845 &ionem
965 3822 987 3853 ,
1022 3766 1145 3837 alia
1158 3764 1340 3837 usum
1358 3769 1426 3836 in
1450 3772 1578 3840 vita
1599 3775 1663 3839 &
1682 3762 1986 3838 societate
2005 3766 2287 3838 humana
2309 3771 2512 3868 magis
2528 3764 2806 3865 respicit.
2861 3771 3072 3840 Priori

651 3869 1172 3943 consideratione
1202 3864 1452 3955 homo,
1484 3890 1717 3968 utpote
1748 3864 1833 3937 ad
1850 3870 2202 3968 imaginem
2222 3874 2293 3938 &
2315 3863 2800 3938 fimilitudinem
2818 3870 2950 3936 Dei
2977 3862 3074 3935 fa..

654 3973 794 4045 &us
805 4022 837 4062 „
864 3968 1128 4073 dignior
1149 3966 1240 4041 est
1257 3992 1434 4070 equo
1453 4000 1477 4066 3
1511 3968 1857 4073 posteriori
1871 3963 2168 4069 respectu
2184 3991 2391 4067 equus
2407 3963 2564 4069 saepe
2582 3959 2917 4068 praefettur
2940 3965 3075 4035 ho-

2869 4087 3035 4137 mim
3049 4118 3081 4156 ‚
