3391 4418
620 144 777 224 216
1136 167 1139 170 ·
1260 118 2352 205 ornum--.4110

622 274 823 354 quam
860 246 1214 322 Oceanum
1241 258 1449 306 unum
1463 239 1534 304 δε
1550 229 1833 302 eundem
1854 253 2257 328 permanete.
2314 224 2508 329 Qd
2521 250 2743 302 autem
2756 230 3035 329 requin'.

624 379 732 427 tur
758 404 780 436 ,
809 371 880 419 ut
897 346 1143 416 flumen
1161 392 1182 423 ,
1207 361 1298 406 ex.
1321 359 1418 434 gr.
1441 330 1720 403 Rhenus
1736 324 2013 429 ,semper
2036 326 2214 398 idem
2233 327 2600 424 judicetur?
2635 329 2825 401 Nihil
2846 329 3034 406 aliud

576 497 582 503 -
619 449 735 526 nili
754 472 828 522 ut
844 469 1017 516 nova
1037 443 1357 512 continuo
1378 457 1545 531 aqua
1566 431 1875 511 inlocum
1898 428 2194 500 abeuntis
2215 436 2454 500 veniat.
2469 434 2571 500 Sic
2589 456 2763 501 mare
2779 427 2907 500 sem
2962 459 3035 506 er·

620 553 801 626 idem
821 600 842 633 ,
862 545 1019 617 dum
1038 562 1354 639 quantum
1375 557 1552 630 aquae
1567 556 1682 635 per
1701 550 1949 600 meatus
1967 537 2034 600 ὅ(
2053 533 2357 600 cavitates
2380 552 2559 600 tertae
2579 556 2654 601 ex
2671 556 2756 602 eo
2776 529 2860 602 ad
2880 460 3037 604 sgn-

618 660 789 727 tium
801 643 1295 746 generationem
1316 629 1682 733 egreditur,
1705 652 1957 703 tantum
1977 634 2226 700 circiter
2244 655 2357 727 per
2380 630 2696 701 fluviosin
2710 630 2877 702 illud
2895 659 3036 704 tur-

625 751 723 825 fus
741 743 1119 848 ingreditur.
1158 735 1393 811 Similis
1409 731 1597 804 datur
1615 734 1891 801 materia:
1911 735 2111 829 igneae
2125 736 2188 798 in
2213 754 2672 826 quamcunque
2691 730 3030 804 flammam

626 842 932 950 ingressus
956 864 1153 938 atque
1169 863 1245 908 ex
1267 860 1342 907 ea
1355 831 1652 933 egressus.
1689 835 1768 901 Et
1788 827 2103 931 generalis
2129 826 2263 898 haec
2284 830 2373 899 est
2392 828 2753 902 fluidorum
2774 857 3029 922 natura,

627 975 702 1024 ut
726 972 863 1019 non
889 941 1071 1014 aliter
1087 934 1543 1010 conserventur
1561 977 1582 1010 ‚
1616 930 1815 1030 quam
1831 925 2054 1001 similis·
2065 934 2351 1000 materiae
2366 926 2673 1002 inlocum
2694 929 3033 1010 disceden-

633 1060 714 1124 tis
729 1044 1197 1119 substitutione.

720 1174 790 1245 7,
842 1145 987 1240 Jam
1008 1163 1182 1239 pone
1208 1160 1268 1207 te
1288 1128 1514 1208 versari
1538 1133 1605 1200 in
1629 1126 1788 1201 loco
1805 1126 1842 1200 εὶ
1867 1134 2028 1200 mari
2050 1153 2183 1201 tam
2210 1151 2472 1201 remoto
2489 1180 2510 1215 ‚
2540 1128 2787 1203 utillud
2806 1152 3034 1203 toturn

626 1244 863 1351 pedale
900 1265 1011 1313 aut
1044 1234 1346 1339 bipedale
1370 1229 1578 1304 solum
1601 1227 1723 1302 tibi
1743 1228 2079 1314 videatur,
2118 1227 2688 1326 quemadmodum
2710 1254 2889 1301 nunc
2909 1228 3037 1302 sol

631 1347 831 1422 nobis
860 1363 1151 1442 apparet.
1203 1335 1303 1407 lbi
1322 1358 1495 1405 certe
1515 1330 1780 1402 existens
1795 1330 1924 1402 ulla
1942 1335 2009 1400 in
2028 1354 2200 1400 mare
2223 1329 2493 1401 flumina
2508 1328 2680 1401 illabi
2696 1356 2834 1402 non
2849 1330 3041 1403 vide-

626 1448 734 1523 -bis
757 1498 777 1527 ‚
808 1445 1143 1538 utcunque
1181 1435 1387 1508 multa
1425 1441 1497 1504 δι
1534 1456 1773 1532 magna
1800 1428 1984 1501 illabi
2011 1452 2258 1500 certum
2298 1428 2398 1501 fit.
2447 1427 2803 1528 Multoque
2822 1435 3043 1502 minus

524 1603 541 1618 κ
634 1550 842 1623 oculis
870 1566 1100 1615 notare
1137 1534 1361 1609 licebit
1378 1589 1399 1620 ,
1438 1558 1558 1633 per
1578 1558 1738 1629 quas
1773 1556 1955 1604 tetrae
1975 1554 2277 1600 cavernas
2301 1538 2369 1602 &
2393 1553 2597 1627 poros
2614 1557 2783 1629 aqua
2799 1537 3046 1603 iterum

633 1676 714 1721 ex
736 1668 990 1719 oceano
1007 1663 1189 1714 exeat
1208 1634 1290 1708 ad
1314 1638 1639 1705 montium
1657 1630 1940 1723 radices3
1970 1627 2144 1701 unde
2167 1624 2455 1701 fontium
2477 1635 2670 1732 otigo
2691 1632 2803 1703 est.
2852 1630 3047 1726 Quid

596 1775 602 1780 ·
632 1756 658 1822 i
705 1749 833 1820 ‘tut
848 1749 1085 1816 mirum
1103 1791 1126 1822 ,
1157 1734 1203 1807 fi
1221 1759 1343 1808 nos
1364 1740 1429 1803 in
1455 1754 1620 1802 terra
1637 1732 1870 1802 stantes
1889 1781 1912 1815 ,
1948 1735 2328 1801 innumeros
2346 1738 2550 1832 igneae
2573 1737 2854 1803 materiae
2869 1727 3051 1830 quali

634 1773 874 1924 flgtivios
890 1897 911 1930 ,
948 1867 1064 1942 per
1099 1834 1506 1936 longissimos
1545 1830 1850 1922 carlorum
1889 1851 2142 1901 meatus
2163 1883 2185 1914 ,
2219 1827 2302 1900 ad
2323 1833 2549 1904 Solem
2572 1840 2641 1905 &
2664 1830 2871 1905 stellas
2891 1832 3053 1904 fixas

635 1945 959 2052 perpetuo
979 1938 1242 2009 affluere
1262 1987 1285 2018 ,
1322 1940 1390 2015 &
1412 1928 1685 2003 viciffim
1710 1954 1787 2003 ex
1805 1933 1881 2001 iis
1895 1926 2158 2001 effluere
2178 1982 2202 2016 ,
2240 1929 2306 2001 id
2329 1931 2516 2032 quod
2535 1937 2704 2005 ratio
2721 1931 2923 2006 docet
2939 1957 3058 2004 ve-

638 2070 789 2123 tum
808 2039 929 2114 effe
947 2090 970 2122 ‚
1006 2031 1215 2109 oculis
1240 2028 1579 2104 observate
1599 2056 1681 2101 ne
1736 2035 2045 2103 neamus?
2145 2079 2154 2086 -
2633 2100 2638 2105 ,

741 2149 779 2214 8
790 2194 808 2214 .
855 2144 923 2213 Si
942 2143 1088 2235 quis
1108 2135 1369 2207 ulterius
1382 2128 1465 2202 de
1480 2129 1600 2203 hac
1617 2057 1785 2205 stilis
1800 2183 1821 2219 ‚
1834 2129 2135 2226 persimilis
2150 2132 2399 2202 materia
2415 2130 2692 2227 influxum
2707 2177 2728 2213 ,
2762 2129 2866 2204 seu
2885 2156 3063 2204 con-

637 2240 1002 2317 servatione
1034 2235 1142 2309 seu
1172 2237 1533 2312 nutritione
1553 2259 1629 2329 ac
1656 2234 2067 2332 reparatione
2084 2226 2456 2332 scrupulum
2481 2257 2749 2305 moveat
2765 2287 2788 2322 ,
2823 2238 2875 2306 is
2892 2258 3066 2305 con-

626 2340 879 2417 ·fideret
901 2393 923 2425 ‚
970 2365 1025 2411 1.
1048 2336 1278 2412 Solem
1314 2360 1454 2407 non
1486 2333 1607 2407 effe
1634 2359 1876 2434 corpus
1908 2331 2428 2434 heterogene‘um
2447 2386 2469 2420 ,
2505 2333 2603 2405 uti
2625 2329 2768 2408 sunt
2792 2334 3012 2407 nostra
3035 2386 3063 2422 ,

638 2471 721 2518 ac
737 2438 1019 2545 proinde
1035 2463 1161 2509 nec
1174 2436 1622 2537 heterogeneo
1641 2433 1938 2534 indigere
1953 2430 2268 2507 alimento
2287 2462 2309 2515 ,-
2334 2456 2402 2505 at
2421 2460 2457 2505 2
2469 2488 2485 2506 .
2498 2428 2622 2507 effe
2637 2460 2792 2508 eum
2813 2459 3062 2535 corpus

638 2544 1142 2644 homogeneum
1159 2590 1182 2627 ,
1216 2562 1411 2636 atque
1431 2544 1519 2607 ita
1540 2533 1970 2634 homogeneo
1986 2532 2513 2607 commodissime
2529 2558 2603 2605 ac
2622 2531 2935 2609 facillime
2951 2560 3066 2605 re-

554 2692 559 2697 »
624 2650 873 2750 parari.
927 2643 1107 2715 Nam
1138 2635 1715 2739 quemadmodum
1752 2631 2158 2709 conservatio
2180 2633 2339 2706 nihil
2362 2632 2537 2707 aliud
2560 2638 2652 2707 est
2667 2634 2869 2736 quam
2891 2659 3065 2708 con-

643 2752 895 2820 tinuata
927 2746 1172 2814 creatio
1197 2772 1213 2814 ι
1245 2746 1336 2811 ita
1369 2733 1895 2836 unumquodque
1915 2761 1999 2807 eo
2018 2760 2232 2808 terum
2246 2760 2480 2839 genere
2500 2733 2915 2809 conservatur
2929 2788 2952 2824 ,
2979 2758 3065 2807 ex

644 2870 785 2940 quo
822 2843 1095 2914 constat.
1138 2867 1192 2936 3.
1216 2839 1620 2911 Alimentum
1657 2861 1859 2907 omne
1899 2842 2197 2935 quamvis
2226 2842 2415 2909 initio
2447 2829 2605 2937 (τρὶ
2644 2836 2939 2909 dislimile
2980 2831 3063 2907 fit

644 2945 913 3040 corpori
945 2937 1186 3009 alendo
1210 2992 1231 3023 ,
1277 2937 1502 3035 postea
1522 2937 1739 3009 eidem
1770 2935 2091 3007 affimilari
2118 2935 2386 3009 debete.
2442 2940 2620 3041 Ergo
2643 2935 2759 3010 ubi
2780 2947 2911 3033 jam
2934 2936 3065 3007 sta-

645 3048 766 3115 tim
793 3043 984 3111 initio
1000 3035 1200 3107 simile
1219 3035 1602 3107 alimentum
1623 3035 1803 3106 adest
1821 3079 1843 3113 ‚
1884 3034 2055 3108 adeo
2071 3060 2142 3109 ut
2161 3036 2338 3109 nulla
2354 3044 2717 3111 mutatione
2742 3036 2815 3111 sit
2837 3062 3006 3138 opus
3034 3088 3057 3123 ,

644 3135 1119 3240 promptiffime
1137 3162 1212 3208 ac
1234 3132 1569 3206 celerrime
1583 3133 1771 3232 quod
1788 3132 2156 3209 absumtum
2173 3134 2300 3209 fuit
2313 3166 2398 3211 eo
2413 3132 3061 3239 reparabitur.Q9d

646 3237 839 3312 valde
871 3241 1179 3310 convenit
1214 3259 1458 3307 naturae
1483 3232 1703 3307 solatis
1722 3242 2004 3309 materiae
2028 3289 2049 3322 ,
2088 3243 2329 3337 quippe
2401 3265 2499 3312 uae
2517 3243 2581 3310 in
2599 3264 2792 3312 motu
2808 3234 3062 3336 semper

632 3337 929 3415 *versatur
959 3339 1326 3408 celerrimo.
1386 3338 1468 3407 Et
1486 3334 1647 3406 nihil
1662 3335 1830 3436 apud
1855 3361 1975 3410 nos
1994 3336 2339 3434 proclivius
2354 3267 2537 3412 {laetu
2551 3339 2672 3414 esst
2690 3346 3012 3414 cernimus
3031 3380 3063 3416 ι

647 3439 856 3539 quam
871 3442 1090 3537 ignem
1109 3441 1256 3549 igne
1277 3460 1501 3535 parare
1520 3445 1589 3509 ὅ(
1614 3434 1991 3508 accendere.

747 3567 821 3638 9.
878 3536 1090 3638 Qod
1118 3542 1166 3607 11
1181 3562 1340 3635 ergo
1362 3537 1479 3608 Sol
1506 3544 1579 3609 δε
1598 3534 1790 3609 stellae
1811 3536 1948 3609 fixae
1973 3539 2043 3607 in
2063 3562 2148 3608 eo
2165 3559 2313 3609 cum
2331 3538 2597 3627 flamma
2618 3546 3021 3616 conveniunt
3037 3588 3064 3619 ,

647 3638 836 3737 quod
887 3664 947 3710 1.
967 3642 1190 3709 lumen
1220 3631 1493 3736 ale'ipfis
1512 3643 1852 3720 emittunt3
1891 3664 1950 3709 2.
1969 3636 2613 3726 luminisinterventu
2637 3638 3062 3725 calefaciunt3

647 3764 709 3833 3.
725 3741 1010 3811 materiae
1030 3734 1148 3812 suae
1163 3734 1411 3836 aliquid
1435 3731 1684 3835 semper
1704 3738 2012 3830 ejiciunt,
2053 3747 2122 3810 δ(
2146 3736 2346 3811 simile
2373 3741 2735 3837 recipiunt·‚
2786 3768 2900 3814 cut
2919 3764 3068 3812 non

647 3844 719 3909 δε
736 3866 802 3933 4.
815 3843 884 3907 in
905 3862 1095 3912 motu
1119 3849 1189 3913 ὃ(
1211 3838 1332 3911 fitu
1347 3862 1498 3910 cum
1514 3837 1778 3933 flamma
1799 3843 2151 3911 convenire
2170 3838 2580 3938 judicentur?
2615 3845 2863 3938 Neque
2880 3844 3070 3912 enirn

645 3932 731 4017 de
766 3937 1159 4040 corporibus
1198 3940 1287 4012 ad
1318 3936 1497 4013 idem
1523 3966 1730 4040 genus
1747 3935 2232 4043 pertinentibus
2251 3940 2430 4016 idem
2444 3938 2762 4042 judicium
2782 3936 3075 4015 ferendo

2853 4063 3074 4118 errare
