3391 4418
807 119 2247 221 ...Gouyuwe-rxoa-
2594 153 2781 228 5419

325 278 338 323 1
358 246 520 319 ‘mus‘
533 239 883 326 humanus.
930 230 1269 330 Ejusmodi
1290 236 1463 306 certe
1481 228 1687 305 sensus
1704 232 2006 305 naturalis
2020 234 2142 306 esse
2163 257 2302 307 non
2318 230 2575 307 videtur
2596 238 2787 312 meh-

335 342 533 418 ¹tibus
564 342 911 441 Angelicis.
959 332 1201 408 Similis
1231 333 1322 404 est
1341 336 1511 405 ratio
1538 333 1891 434 voluptatis
1918 341 2228 407 Venereae
2248 388 2271 421 ,
2305 360 2451 432 quae
2476 360 2613 423 non
2633 365 2778 429 ma-

356 448 455 547 gis
487 451 556 514 in
581 438 912 544 Angelum
942 433 1172 537 cadit,⁴
1193 432 1393 534 quarn
1428 432 1727 536 voluptas
1754 423 1830 506 e'x
1850 430 2123 521 assumto
2140 433 2295 508 cibo
2315 434 2416 509 vel
2430 462 2604 536 potu
2622 465 2774 540 per.

284 549 297 563 “
359 567 577 646 cepta.
2668 534 2675 543 ’

457 669 519 740 3.
563 636 797 741 Angeli
814 633 1075 707 scientia
1094 632 1582 733 experimentali
1602 659 1739 715 non
1761 658 2003 708 norunt
2020 633 2427 709 morborum
2437 660 2765 729 naturam,

357 746 665 817 timorem
701 742 929 810 mortis
951 760 1305 820 ,amorem
1343 739 1525 814 vitae‚
1553 730 1660 805 seu
1681 789 1706 823 ,
1736 736 1977 809 diutius
2008 737 2270 811 vivendi
2292 739 2717 841 cupiditatem
2741 768 2763 811 t

355 842 515 942 quid
538 840 613 913 fit
647 838 925 912 tolerare
962 831 1209 905 famem
1241 843 1307 906 δι
1333 831 1501 905 sitim
1522 887 1546 922 ,
1581 835 1742 932 quid
1772 834 1975 938 frigus
1995 863 2103 910 aut
2120 837 2404 911 calorem
2435 837 2760 913 intensum

334 1004 340 1011 .
400 939 672 1027 efferre,
711 962 851 1009 non
885 931 1025 1022 sunt
1057 938 1336 1032 experti3
1365 941 1684 1102 puoniam
1726 940 1975 1009 morbis
1998 937 2766 1042 doloribus&paffioniae

349 971 472 1118 ξας
492 1036 815 1139 ejusmodi
832 1040 1165 1130 corporeis
1184 1031 1346 1103 boni
1391 1028 1582 1106 altem
1601 1038 1811 1139 angeli
1828 1064 1969 1109 non
1993 1041 2135 1110 sunt
2154 1036 2453 1112 obnoxii.

333 1218 336 1219 ⁷
437 1169 510 1240 4.
562 1137 766 1215 Unde
795 1156 1012 1236 patet,
1042 1157 1171 1228 qua
1188 1136 1440 1235 ratione
1462 1133 1798 1237 Theologi
1819 1136 2168 1237 colligant,
2201 1134 2538 1208 Christum
2553 1135 2761 1210 serva-

344 1265 564 1315 torem
586 1238 878 1313 nostrum
909 1257 1046 1303 non
1066 1230 1418 1331 angelicam
1436 1283 1458 1316 ,
1490 1229 1597 1304 sed
1616 1233 1970 1306 humanam
1990 1230 2318 1307 affumfiffe
2337 1259 2629 1309 naturam
2645 1291 2669 1322 ‚
2684 1262 2761 1309 ut

345 1343 590 1440 majori
614 1336 1061 1411 infirmitatum
1095 1330 1455 1403 nostrarum
1489 1328 1665 1405 sensu
1697 1332 1870 1404 affici
1905 1359 2103 1434 atque
2124 1333 2251 1407 una
2266 1333 2608 1413 nobiscum
2627 1343 2766 1437 pati

343 1438 582 1541 poffet.
661 1512 666 1517 .
2472 1472 2479 1477 ·

450 1564 514 1637 5.
567 1535 966 1638 Qomodo
994 1540 1155 1607 itern
1169 1528 1551 1606 hominibus
1571 1539 1919 1607 conveniat
1937 1586 1958 1620 ‚
1977 1534 2199 1633 potius
2216 1532 2545 1621 homines,
2559 1533 2763 1635 quclm

343 1642 615 1743 angelos
637 1635 880 1708 habete
909 1636 1220 1708 dodkores
1256 1642 1332 1706 δε
1353 1630 1832 1707 consolatores:
1867 1637 2185 1733 quoniam
2205 1635 2300 1707 illi
2321 1633 2439 1708 soli
2471 1660 2543 1707 ut
2568 1661 2765 1707 coms-

341 1746 529 1818 muni
561 1737 959 1812 miseriarum
992 1736 1355 1806 nostrarum
1376 1730 1548 1813 sensu
1578 1739 1733 1807 tacti
1761 1732 2103 1807 nobiscum
2126 1761 2317 1836 agere
2341 1735 2616 1833 &loqui
2636 1759 2768 1805 no,-

340 1865 515 1916 mnt.
571 1842 839 1937 Nempe
871 1835 962 1907 illi
981 1834 1118 1907 fere
1140 1833 1254 1906 soli
1275 1840 1686 1907 commoveri
1714 1833 2147 1909 misericordia
2167 1835 2414 1915 solent,
2446 1842 2560 1934 qui
2585 1830 2764 1903 fimi-

338 1942 507 2016 liurn
538 1939 977 2014 calamitatum
1004 1932 1348 2008 consortes
1367 1931 1508 2010 sunt
1527 1986 1550 2019 ,
1599 1931 1861 2009 fuerunt
1888 1960 1999 2008 aut
2029 1940 2227 2012 certe·
2246 1932 2606 2033 aliquando
2630 1927 2765 2011 sseffe

337 2043 624 2217 polill'unt.
678 2043 856 2113 Hinc
875 2037 1052 2141 apud
1077 2036 1302 2140 Virgil.
1320 2033 1568 2106 AEneid.
1597 2062 1657 2108 1.
1712 2037 1897 2111 Dido
1922 2038 2197 2115 AEneam
2217 2033 2318 2112 his
2335 2035 2552 2114 verbis
2574 2058 2767 2133 com:

305 2206 310 2212 .
391 2169 424 2216 e
478 2169 578 2218 at:
2683 2206 2688 2211 .
2740 2206 2745 2216 .

340 2168 386 2244 Ρ
467 2247 472 2250 ’
636 2253 737 2313 Me
751 2259 964 2331 queque
978 2256 1076 2327 per
1099 2238 1300 2304 multos
1306 2234 1501 2328 fimitis
1509 2231 1760 2325 fortuna
1777 2240 1983 2310 labores

634 2351 666 2407 1
669 2344 923 2407 abiaram
939 2382 962 2417 ,
987 2334 1092 2404 hac
1105 2334 1331 2401 demum
1350 2335 1529 2401 voluit
1543 2331 1821 2427 consfiere
1836 2357 2016 2420 terra,

637 2448 771 2504 Non
784 2435 985 2527 ignara
1002 2430 1146 2498 mali
1161 2482 1182 2513 ,
1206 2425 1742 2524 miftrisfieccurrere
1758 2433 1939 2530 disco..
2140 2515 2148 2524 ⁸

443 2545 515 2608 6.
560 2536 652 2604 Ex
681 2531 777 2604 his
796 2553 1067 2630 quoque
1090 2524 1329 2599 discere
1344 2526 1791 2625 quadantenus
1809 2531 2047 2618 liceat,
2080 2533 2436 2632 quomodo
2457 2540 2528 2607 in
2548 2533 2767 2605 futura

342 2638 475 2708 vita
504 2634 821 2728 ἰσάγγελοι
844 2680 867 2717 ,
890 2626 1131 2726 angelis
1150 2623 1382 2697 similes
1402 2626 1675 2699 evadere
1698 2627 2042 2727 poffimus.
2092 2635 2276 2702 Nam
2294 2654 2366 2701 ut
2384 2639 2765 2705 omittamus

343 2737 542 2816 animi
573 2730 769 2802 nostri
796 2725 1076 2804 seorsum
1094 2722 1359 2824 spectati
1391 2751 1539 2802 cum
1562 2727 1808 2827 angelis,
1826 2726 2319 2802 similitudinem
2341 2782 2362 2814 ,
2404 2756 2545 2830 quae
2567 2725 2762 2825 hujus

341 2832 480 2906 loci
518 2857 658 2905 non
683 2829 809 2915 est,
849 2825 1243 2899 affirmemus
1262 2875 1284 2903 ,
1314 2828 1567 2897 ratione
1606 2824 1800 2924 hujus
1833 2835 2069 2902 ruentis
2099 2827 2397 2903 humanae
2422 2854 2587 2903 *cum
2610 2853 2761 2900 cor-⁵

339 2961 505 3104 pore
543 2930 1024 3034 conjunctionis
1043 2921 1434 3026 quibusdam
1449 2925 1740 3025 partibus
1755 2924 2136 3002 similiorem
2153 2927 2277 3002 illis
2294 2953 2448 3002 tunc
2463 2917 2759 3002 futurutn'

394 3058 714 3107 ominem.
1686 3082 1690 3086 .
2305 3067 2310 3074 ·

437 3157 505 3228 7.
557 3144 626 3201 In
653 3128 1044 3227 resurreffione
1071 3175 1097 3211 ,
1155 3131 1371 3227 inquit
1401 3129 1766 3229 Scriptura,
1800 3154 1977 3224 neque
2006 3129 2212 3202 nubent
2241 3149 2418 3221 neque
2449 3125 2753 3211 'rubentum

330 3231 436 3328 sed
457 3231 769 3325 eruntficut
789 3231 977 3324 angeli
997 3231 1110 3299 Dei
1143 3232 1206 3299 in
1235 3231 1385 3300 calo.
1451 3233 1533 3301 Et
1565 3228 1766 3315 alibi,
1793 3219 2220 3305 Deus‘ventrem
2239 3233 2313 3307 ά
2336 3225 2475 3323 estas
2500 3225 2766 3299 abolebit.

341 3335 434 3403 Ex
461 3326 696 3427 q'uibus
726 3329 1146 3428 intelligimus
1178 3381 1201 3416 ,
1250 3324 1496 3399 nubere
1537 3328 1702 3400 velle
1733 3356 1874 3402 non
1910 3327 2199 3403 futurum
2244 3334 2314 3398 in
2352 3326 2546 3399 altera
2586 3332 2763 3408 vita,

340 3429 562 3505 multo
598 3429 811 3502 minus
842 3431 908 3503 τό
940 3430 1069 3513 uri,
1103 3425 1621 3528 quodcorporis
1653 3435 1978 3530 animique
2015 3426 2348 3503 vinculum
2381 3431 2447 3497 in
2485 3423 2609 3496 hac
2629 3427 2762 3518 vita

342 3530 536 3607 valde
565 3532 818 3599 arctum
835 3525 1075 3600 reddit.
1265 3553 1272 3558 ·
1641 3549 1644 3552 ·

441 3632 510 3705 8.
562 3625 1036 3728 Intelligimus,
1070 3620 1313 3698 sensum
1343 3623 1533 3699 famis
1567 3635 1639 3700 &
1674 3625 1808 3699 fitis
1843 3652 1998 3701 tunc
2035 3615 2763 3720 defiturum,'reliquos

343 3733 504 3803 item
525 3721 746 3804 ‘sensus
763 3726 848 3799 acl
867 3751 904 3797 a
950 3728 1192 3825 petitus
1207 3724 1524 3823 ejusmodi
1542 3729 1860 3800 naturales
1887 3724 2166 3799 maxime
2187 3725 2583 3821 pertinentes
2602 3766 2623 3798 ‚
2650 3746 2768 3792 cu·-

346 3826 631 3925 jusmodi
655 3823 797 3900 sunt
828 3828 897 3899 ol
928 3825 1108 3896 actus
1137 3834 1208 3898 &
1243 3827 1458 3925 gustus
1483 3873 1508 3906 ‚
1559 3849 1716 3898 tunc
1749 3822 1928 3897 usum
1963 3851 2104 3900 non
2139 3819 2506 3897 habituros.
2580 3817 2779 3892 Visus

348 3929 625 4028 quidem
643 3951 842 4033 atque
860 3924 1121 4004 auditus
1139 3924 1391 4034 flivena
1406 3930 1578 4002 ratio
1593 3925 1707 4001 est.
2164 3925 2179 3930 “
2224 3925 2243 3932 ’
2620 4007 2739 4085 Oh

1497 4043 1500 4048 ’
1650 4029 1831 4130 Ggg
1890 4057 1939 4129 a
2518 4043 2594 4108 91·
2740 4041 2773 4072 ’
