3391 4418
1000 144 2168 232 CONJuNcr-xo.
2641 142 2805 238 463

379 279 467 352 lin
559 298 598 342 a
628 262 857 340 melius
891 259 1022 332 hoc
1057 254 1374 351 exprimat
1405 245 1612 341 quam
1651 250 2045 317 Germanica
2080 241 2202 312 isto
2221 231 2615 340 proverbio:
2652 252 2803 316 wag

375 380 534 470 teob(
552 370 763 450 [cibet]
797 362 960 459 feriet
974 354 1131 436 iubet.

478 500 589 547 ιο.
637 499 708 559 4.
742 461 1068 534 Acutioris
1098 460 1316 551 itaque
1348 449 1588 545 ingenii
1625 466 1820 541 atque
1859 442 1943 516 ad
1978 440 2270 516 scientias
2300 447 2366 513 δι
2391 446 2791 538 αττεςῐηαεὶς

369 575 652 650 idoneos
669 556 914 638 evafifl‘e
935 557 1236 630 homines
1255 603 1277 635 ,
1297 556 1430 622 &c.
1483 551 1655 644 Qae
1674 548 1899 616 omnia
1920 536 2323 615 conveniunt
2341 566 2491 612 cum
2515 547 2591 611 iis
2610 593 2631 624 ,
2647 567 2791 638 quae

374 674 438 747 su
490 674 557 745 ra
591 668 674 741 de
709 664 943 735 mentis
984 679 1135 728 cum
1164 674 1445 750 corpore
1479 650 1886 716 connexione
1921 653 2123 743 magis
2153 639 2499 713 autminiis
2517 643 2784 712 aristain

372 704 757 847 infantibus,
796 756 1070 835 adultis,
1111 750 1369 835 doffls,
1405 745 1693 818 indodtis
1719 798 1741 829 ,
1778 744 1993 842 deque
2034 745 2283 843 ingenii
2310 738 2779 813 humanidoti-

373 874 497 948 bus
520 897 596 946 ac
623 861 1001 942 differentiis
1020 847 1428 951 expolhimus
1445 873 1632 946 capp.
1656 848 1888 917 XLIII.
1902 842 1994 944 sq.

477 1002 506 1050 1
527 1000 587 1049 ι.
637 976 735 1040 Ita
765 987 837 1034 ut
859 962 955 1029 vir
986 955 1215 1052 aliquis
1248 946 1794 1049 quadragenarius
1822 942 1955 1017 sola
1989 947 2244 1016 ratione
2284 941 2556 1015 naturali
2588 964 2779 1015 utens

368 1063 810 1176 (patriarchas
841 1064 1020 1130 enim
1043 1063 1112 1127 δε
1132 1048 1489 1152 prophetas
1517 1093 1539 1128 ‚
1594 1052 1709 1145 qui
1740 1043 1905 1117 olim
1934 1051 2181 1117 vixere,
2218 1049 2614 1140 excipimus)
2659 1045 2775 1141 qui

363 1198 513 1250 ante
535 1168 851 1241 diluvium
870 1165 939 1229 in
956 1154 1118 1229 orbe
1139 1162 1451 1223 terrarum
1471 1143 1598 1218 fuit
1612 1200 1634 1231 ,
1665 1148 1935 1245 ingenio
1957 1153 2024 1217 δι
2043 1138 2385 1241 prudentia
2408 1165 2580 1213 nunc
2601 1139 2775 1216 sorte

364 1274 695 1373 superetur
712 1262 749 1331 a
775 1262 1004 1359 viginti
1024 1274 1345 1325 annorum
1367 1243 1801 1318 adolescente.

472 1394 580 1442 12.
630 1358 740 1436 Ad
777 1386 921 1458 quae
955 1348 1325 1427 illustranda
1356 1349 1685 1448 pertinent
1723 1338 2016 1442 exempla
2053 1365 2325 1425 eorum,
2362 1344 2476 1439 qui
2515 1339 2662 1438 post
2682 1337 2777 1411 att.

363 1469 647 1546 sumtum
686 1458 908 1535 cibum
943 1480 1055 1529 aut
1074 1474 1310 1556 potum
1332 1498 1355 1531 ,
1391 1440 1737 1548 praesertim
1759 1441 2102 1540 largiorem
2121 1493 2144 1524 ,
2176 1446 2437 1539 ineptos
2457 1440 2543 1512 ad
2567 1438 2775 1511 studia

362 1572 424 1645 se
452 1569 575 1643 effe
607 1563 920 1637 sentiunt,
953 1555 1179 1650 jejuno
1213 1572 1434 1624 autem
1466 1541 1808 1615 stomacho
1849 1546 2153 1641 aptiores.
2214 1546 2310 1611 At
2327 1545 2483 1613 vino
2504 1538 2774 1612 modic&

359 1670 631 1747 hausto,
661 1659 851 1764 quod
882 1654 1134 1757 spiritus
1163 1655 1386 1751 gignat
1414 1641 1780 1718 subtiliores
1816 1650 1885 1713 &
1905 1638 2207 1740 agiliores
2228 1682 2250 1717 2
2281 1638 2564 1737 plurium
2587 1646 2772 1737 inge-

356 1780 467 1845 nia
503 1784 844 1840 acuuntur.
905 1754 1131 1827 Nimia
1153 1753 1309 1824 vero
1331 1743 1718 1819 humiditate
1741 1738 2084 1814 cerebrum
2107 1736 2514 1812 obtunditur.
2564 1737 2769 1812 Unde

360 1880 431 1946 δε
453 1862 824 1942 Heraclitus
844 1860 1134 1929 animam
1153 1848 1386 1924 ficcam
1407 1843 1528 1918 effe
1552 1840 2067 1942 sapientiffimam
2089 1836 2460 1911 affirmavit.

454 1996 562 2065 13.
614 1964 946 2037 Homines
963 1980 1091 2056 prae
1110 1946 1439 2025 iracundia
1459 1945 1785 2017 interdum
1810 1966 1952 2013 non
1965 1937 2110 2012 sunt
2122 1937 2297 2037 apud
2314 1934 2375 2008 se
2389 1981 2413 2018 ‚
2451 1935 2771 2036 quoniam

313 2122 316 2123 ν
351 2070 476 2143 isto
494 2067 750 2140 fervore
773 2056 1024 2161 spiritus
1050 2049 1390 2127 turbantur
1407 2100 1430 2134 ‚
1459 2044 1641 2117 ficuti
1664 2047 1861 2116 etiam
1890 2038 2004 2114 usu
2039 2044 2217 2111 venit
2245 2044 2314 2110 in
2341 2061 2621 2138 corpore
2639 2059 2770 2106 no-

351 2172 486 2270 stro
522 2170 781 2268 quoties
822 2156 1010 2233 cibus
1042 2161 1109 2226 in
1147 2147 1513 2226 ventriculo
1546 2148 1878 2244 coquitur.
1931 2145 2013 2213 Et
2047 2136 2430 2241 generaliter
2463 2131 2767 2235 exemplo

351 2266 872 2342 fermentationis
886 2276 1069 2355 pater
1087 2303 1111 2337 ‚
1155 2246 1510 2347 quomodo
1530 2249 1699 2315 ratio
1721 2243 1927 2339 magis
1945 2237 2307 2337 compofita
2332 2245 2400 2310 &
2420 2232 2769 2336 tranquilla

351 2367 430 2440 fit
461 2374 766 2466 (Repete
803 2382 879 2428 ex
904 2348 1183 2447 Phyficis
1201 2349 1262 2446 §.
1283 2357 1449 2443 967.
1476 2339 1637 2441 quid
1667 2344 1737 2410 in
1767 2345 1916 2410 ae’re
1949 2334 2052 2411 vel
2068 2361 2232 2435 aqua
2249 2340 2625 2429 tranquillitas
2648 2360 2686 2405 a

351 2465 672 2570 pelletur)
713 2459 866 2533 cum
894 2452 1110 2525 homo
1147 2443 1466 2524 crescere,
1508 2438 1733 2512 cibum
1770 2461 2230 2536 concoquere,
2264 2432 2483 2523 irasci,
2513 2361 2768 2517 semel}

357 2592 441 2640 cu
488 2590 594 2637 ere
622 2559 729 2635 vel
761 2579 978 2631 amare
1013 2545 1271 2623 definit.
1333 2551 1592 2640 Repete
1622 2565 1767 2639 cap.
1790 2544 2031 2611 XLIII.
2051 2567 2123 2632 9.
2197 2543 2271 2607 In
2304 2546 2460 2609 vino
2486 2560 2562 2606 ac
2584 2559 2765 2608 cere-

354 2593 510 2742 viff’a
553 2658 878 2737 defaecatis
910 2651 1372 2761 omniatmagis
1409 2640 1714 2718 ordinata
1744 2634 2101 2738 meliusque
2134 2631 2377 2739 digesta
2404 2630 2568 2708 sunt.
2640 2629 2763 2707 Ph.

352 2769 525 2844 800.

1117 2976 1200 3064 C
1256 3000 1315 3060 a
1371 3004 1441 3060 1².
1562 2963 1968 3058 LXVII.

519 3133 1043 3247 coraejanmomk
1058 3129 1306 3209 ae‘m‘mae
1327 3151 1486 3206 cam
1507 3141 1782 3233 corpore
1787 3114 2267 3228 proprietates
2286 3108 2598 3222 triginta

709 3271 1011 3365 quatuor
1029 3233 1546 3353 >fiperi0ribus
1563 3234 1874 3346 repetita
1867 3226 2101 3333 simul
2112 3247 2415 3309 contem-

1046 3352 1328 3470 plandae
1345 3344 2065 3459 oculissubjiciuntur.
2448 3357 2453 3362 ’

269 3543 282 3580 ⁸
357 3579 419 3629 ι.
639 3545 893 3624 nando
923 3567 1007 3615 co
1087 3542 1223 3612 oris
1243 3546 1316 3612 &
1348 3527 1956 3608 mentisin-homine
1975 3525 2512 3622 conjunfflonem
2536 3510 2758 3586 multis

648 3649 824 3722 adeo
843 3648 1037 3742 capiri
1092 3664 1165 3710 us
1183 3631 1623 3737 descripfimus
1639 3685 1661 3718 ,
1693 3655 1913 3730 operae
1932 3632 2214 3729 pretium
2237 3612 2358 3691 effe
2376 3614 2659 3700 viderur,
2678 3636 2756 3686 ut

349 3757 652 3856 propria,
679 3741 1065 3822 admiranda
1089 3748 1157 3812 &
1195 3737 1499 3842 praeclara
1534 3742 1672 3830 ejus
1691 3736 1758 3802 in
1777 3721 2213 3828 superioribus
2231 3715 2421 3790 latius
2441 3740 2516 3785 ex
2562 3713 2757 3789 licata

346 3853 618 3928 tandem
638 3855 706 3923 in
726 3874 927 3922 unum
949 3838 1458 3926 contrahamus,
1489 3836 1629 3935 quo
1653 3833 2042 3904 accuratiori
2060 3823 2310 3928 judicio
2330 3824 2497 3891 inter
2515 3741 2575 3888 fe
2597 3841 2770 3889 con·

351 3951 512 4032 ferri
533 3956 1004 4049 memoriaque
1025 3936 1281 4016 facilius
1296 3935 1591 4014 mandari
1608 3932 1879 4040 poffinr.

376 4056 382 4062 ⁴
1724 4030 1858 4106 Nn
1874 4050 1923 4100 n
2057 4114 2068 4125 ι
2184 4081 2189 4090 ,
2474 4018 2531 4084 1.
2556 4004 2761 4101 Nulla
