3391 4418
569 149 918 313 {serendo
947 110 1337 353 politas'ell‘e
1361 278 1385 312 ,
1416 136 1670 327 3313.
1715 138 1852 300 lige
1882 144 2009 306 est.
2038 135 2401 297 facelasAesse
2422 215 2759 323 superficie
2773 250 3000 326 ,aequa-

572 334 762 417 biles,
781 333 990 434 figura
1007 324 1379 403 admodum
1393 324 1721 427 pulchras,
1741 323 2018 401 fioculis
2030 330 2204 398 cerni
2222 321 2496 424 poll'ent.
2621 418 2632 423 ἱ
2771 393 2778 398 .

666 446 836 531 464.
889 432 1216 532 vais
1249 432 1318 500 in
1344 430 1569 529 ptimo
1602 423 1935 502 divifionis
1969 446 2321 501 momento
2353 427 2603 499 cunQae
2628 424 2818 527 globi
2850 421 2996 500 fot..

575 560 758 609 mam
774 528 1081 606 affumete
1102 554 1243 603 non
1259 534 1616 631 potuerint.
1631 530 1691 622 §.
1725 555 1809 621 30
1821 556 1880 604 2.

678 644 852 731 465.
902 630 1077 707 Illius
1091 656 1212 733 per
1230 635 1479 707 varium
1496 655 1572 703 ac
1590 628 1990 713 circularem,
2011 620 2464 726 aliquantisper
2492 630 2951 699 continuatum
2968 668 2995 702 ι

580 754 848 804 motum
863 732 1143 819 inductae
1166 729 1586 804 rotunditatis
1603 727 1973 832 exemplum
1996 726 2213 802 videre
2247 724 2399 799 licet
2425 731 2496 798 in
2514 731 2588 799 iis
2608 775 2630 806 ‚
2665 750 2811 824 quae
2837 720 2997 799 affa-
3092 763 3103 772 ·

580 831 917 906 bretorno
936 832 1124 904 fiunt.
1151 834 1214 909 §-
1235 838 1403 925 285'.
1423 840 1591 926 418.

739 942 856 1003 66.
907 927 1308 1024 Hujusmodi
1341 934 1497 1004 vero
1515 929 1650 1003 caeli
1678 928 2005 1031 particulae
2024 927 2180 999 cum
2218 922 2641 1025 affiduiffimo
2672 929 2891 997 attritu
2922 927 2993 995 in

580 952 892 1203 gloffffilos
912 1029 1415 1201 {etornarentur
1429 1083 1453 1113 ,
1489 1029 1685 1124 iniqui
1699 1029 2078 1125 numid-(unt
2095 1026 2253 1122 rasa,
2272 1052 2415 1125 quae
2433 1025 2670 1097 detrita
2694 1022 2822 1097 huc
2832 1021 2995 1115 illuc

633 1156 674 1202 u
763 1153 865 1202 ata
886 1158 920 1203 e
978 1184 997 1204 .

580 1156 629 1229 q
669 1241 848 1325 467.
899 1236 1120 1327 Atque
1140 1253 1218 1301 ex
1230 1254 1321 1311 ‚eo
1346 1237 1665 1326 majorem
1728 1251 1932 1300 artem
1950 1221 2313 1318 admodum
2336 1226 2548 1297 tenuis
2565 1229 2637 1295 δε
2652 1217 2999 1296 minutim-

578 1354 687 1401 ma
719 1330 996 1415 exstitit,
1020 1331 1085 1429 §.
1111 1354 1138 1422 3
1165 1355 1256 1401 11.
1307 1328 1472 1401 dum
1501 1254 1724 1426 pn‘mg

576 1435 934 1501 tremitates
961 1479 982 1508 ‚
1032 1453 1176 1500 tum
1215 1428 1435 1503 minus
1472 1452 1720 1507 acutae‚
1753 1353 2043 1525 denique
2076 1422 2444 1497 obtufiores
2482 1431 2555 1497 δε
2583 1418 2996 1499 obtufiffimae

575 1536 808 1600 attritae
826 1528 1032 1601 fiiere.

672 1634 840 1722 468.
898 1631 981 1698 Et
1018 1624 1290 1722 quando
1320 1654 1402 1699 ne
1429 1630 1779 1699 minimum
1811 1630 1999 1699 vacui
2032 1620 2300 1724 usquam
2336 1618 2458 1697 effe
2489 1619 2742 1722 potest,
2791 1621 2948 1717 §.43
2972 1674 2994 1694 .

576 1723 903 1822 ejusmodi
934 1746 1226 1796 ramenta
1273 1724 1571 1796 citissime
1604 1722 1975 1796 diffluendo
2012 1776 2037 1807 ‚
2081 1724 2343 1823 angusta
2368 1776 2392 1810 ,
2431 1748 2579 1821 quae
2624 1727 2792 1794 inter
2827 1745 2995 1796 con-

575 1829 842 1925 junctos
860 1849 1041 1897 erant
1053 1819 1395 1923 globulos,
1413 1820 1752 1899 intervalla
1770 1822 1809 1895 ὲ
1829 1823 2095 1923 vestigio
2114 1846 2541 1923 occuparunt.
2561 1825 2627 1901 §-
2651 1849 2813 1913 302.

674 1935 844 2021 469.
892 1933 996 1998 Ac
1024 1945 1295 2024 propter
1321 1920 1634 2026 insignem
1660 1928 2046 1998 tenuitatem
2064 1919 2740 2024 suam'quaquaversus
2756 1919 2992 1995 cedere

576 2024 970 2122 paratiffima
988 2028 1261 2096 cunstos
1279 2031 1446 2097 inter
1460 2024 1888 2125 globulorum
1907 2049 2142 2124 agmen
2159 2030 2658 2098 intercurrentes
2685 2021 2995 2123 anguloS,

579 2138 750 2220 quos
771 2149 994 2198 motus
1023 2127 1294 2209 varietas
1307 2133 1541 2225 quovis
1563 2148 1912 2197 momento
1933 2130 2138 2198 variat
2153 2177 2175 2205 ,
2217 2123 2425 2229 figura
2447 2122 2573 2198 illis
2594 2148 2991 2197 accommo-

579 2223 731 2298 dati
744 2230 1022 2297 omnino
1042 2221 1396 2325 replerunt.
1452 2231 1547 2298 Ita
1561 2250 1631 2298 ut
1646 2222 1758 2298 hic
1777 2222 2104 2322 ejusmodi
2120 2253 2340 2302 cernas
2356 2231 2699 2314 materiam
2718 2274 2743 2312 ,
2773 2219 2991 2324 cujus·

577 2322 771 2396 modi
798 2332 863 2397 in
883 2323 1139 2398 mundo
1159 2324 1298 2397 dari
1314 2326 1502 2425 supra
1520 2325 2021 2422 demonstratur.
2041 2329 2103 2428 §.
2133 2356 2166 2400 2
2180 2355 2219 2418 9
2239 2353 2263 2400 1
2279 2379 2298 2401 .
2318 2324 2497 2426 seqq.

669 2450 844 2521 470.
897 2424 1240 2526 Exemplo,
1277 2424 1428 2499 licet
1443 2426 1586 2499 rudi
1613 2433 1685 2497 δε
1704 2426 1789 2498 ad
1808 2423 2013 2501 sensus
2038 2429 2561 2502 accommodato
2583 2471 2608 2506 ι
2652 2423 2776 2500 tibi
2795 2447 2985 2499 erunt

576 2519 761 2624 globi
795 2523 979 2627 ligno
1004 2521 1185 2607 faeti,
1202 2524 1247 2595 si
1264 2524 1804 2601 undasinnatent.

668 2649 762 2719 47
783 2652 834 2696 1.
889 2628 1130 2725 Neque
1170 2651 1462 2699 ramenta
1494 2650 1712 2700 tamen
1746 2624 1974 2707 eadem
2014 2625 2280 2700 fuerunt
2316 2625 2669 2702 subtilitate
2695 2672 2722 2706 ‚
2765 2650 2980 2722 neque

571 2731 709 2891 pari
738 2721 1067 2800 celeritate
1094 2727 1444 2800 fluxerunt.
1520 2734 1820 2830 Apparet
1845 2734 2022 2802 enim
2054 2751 2375 2828 quantum
2408 2734 2575 2801 inter
2603 2724 2664 2800 se
2701 2726 2981 2801 exilitate

599 2822 801 2896 cobes
816 2851 892 2897 ac
905 2825 1216 2897 limaturae
1236 2825 1557 2900 differant.
2769 2887 2772 2896 ·

662 2947 757 3019 47
772 2949 836 2998 2.
886 2923 1145 2996 Idcirco
1169 2921 1387 3021 saepius
1417 2947 1867 3015 ramentorum
1888 2927 2108 3029 aliqua
2133 2930 2352 3002 minus
2366 2926 2561 3001 divisa
2592 2925 2833 3003 alicubi
2849 2923 2980 3017 13ae-

565 3013 811 3099 serunt,
836 3020 935 3096 vel
951 3026 1151 3095 etiam
1162 3020 1348 3121 plura
1369 3025 1587 3096 minus
1613 3026 1903 3100 celeriter
1915 3034 2058 3100 aaa
2080 3025 2269 3100 facile
2290 3025 2631 3102 cohaelere.

657 3148 753 3218 47
769 3148 832 3212 3.
881 3119 1144 3194 Eodem
1161 3147 1449 3222 namque
1463 3124 1840 3225 propendet
1867 3150 2093 3200 natura
2129 3151 2313 3205 tut,
2341 3154 2493 3200 ecce
2513 3181 2531 3206 ‚
2568 3153 2843 3229 vapores
2878 3118 2978 3197 te-

562 3224 809 3292 nuitate
831 3218 1059 3295 diverfi
1075 3221 1227 3324 gelu
1246 3228 1457 3298 minus
1483 3229 1617 3298 acri
1648 3227 2118 3329 stringuntur-in
2149 3255 2389 3329 aquam
2408 3274 2432 3312 ‚
2471 3232 2704 3302 acriori
2726 3227 2885 3302 vero
2904 3231 2975 3320 in

562 3317 862 3421 glaciem.
882 3322 945 3419 §.
966 3349 1135 3414 242.
1741 3399 1748 3404 .

649 3441 826 3518 474.
875 3424 1218 3521 Qoniam
1254 3426 1411 3497 vero
1456 3425 1671 3526 prima
1710 3424 1845 3500 haec
1881 3453 2101 3508 rerum
2139 3452 2606 3531 corporearum
2646 3425 2975 3500 elementa

563 3526 589 3610 (
610 3547 755 3617 quae
779 3523 870 3594 ita
905 3516 1042 3594 fere
1075 3518 1132 3593 se
1161 3518 1410 3596 habent
1426 3526 1512 3598 ad
1530 3526 1854 3601 mundum
1874 3582 1896 3616 ‚
1937 3553 2006 3602 ut
2023 3528 2225 3604 literae
2242 3531 2328 3603 ad
2345 3553 2664 3631 magnum
2684 3526 2964 3608 librum)

556 3615 845 3718 fiipetior
876 3645 1022 3696 aetas
1055 3619 1249 3694 simili
1286 3621 1596 3698 industria
1626 3631 2003 3731 investigare
2039 3627 2428 3731 supersedit,
2470 3626 2747 3707 vocibus
2773 3626 2858 3700 ab
2893 3651 2974 3697 ea

554 3713 698 3791 {atis
722 3716 1020 3800 distinsta
1038 3720 1353 3824 nusquam
1376 3725 1703 3829 leguntur.
1724 3731 1786 3829 §0
1810 3755 1996 3825 4142

644 3846 739 3915 47
752 3845 785 3913 5
798 3872 815 3891 .
868 3828 1207 3929 Qoeirca
1222 3825 1419 3899 nobis
1436 3825 1653 3925 placet
1668 3835 1977 3902 materiam
1991 3824 2425 3923 Rimielementi
2446 3825 2770 3933 appellare
2795 3828 2976 3913 eam,'
3066 3809 3072 3814 ⁷

551 3941 695 4015 quae
711 3921 995 3995 conflata
1023 3925 1115 3996 est
1128 3950 1204 3996 ex
1214 3927 1545 4025 particulis
1562 3928 1918 4003 indefinitae
1930 3931 2260 4030 parvitatis
2277 3976 2302 4017 ,
2337 3930 2442 4010 via
2465 3933 2694 4032 quavis
2705 3922 2971 4025 figurari

546 4020 739 4119 aptis,
756 4019 1069 4114 ocyffime
1088 4020 1341 4127 semper
1364 4030 1639 4128 agitatis.
2558 4034 2729 4127 476·
2787 4021 2969 4100 Nam

1805 1323 2026 1399 uidem
2058 1326 2448 1424 angulorum
2477 1317 2849 1395 acutissimae
2881 1345 2991 1391 ex·
3023 1408 3028 1411 ,
