3391 4418
573 139 735 234 192
1226 119 2330 209 Durum-amo

565 257 829 323 eontra.
880 234 1192 338 Denique
1221 234 1414 335 quod
1432 238 1618 307 unius
1632 230 1859 305 circuli
1880 255 2026 330 pars
2043 229 2305 304 alterius
2325 226 2592 323 majoris
2602 228 2707 304 vel
2725 233 3001 309 minoris

576 347 749 455 parti
768 345 1048 418 omnino
1067 363 1205 411 non
1225 359 1570 439 congruat,
1586 328 2000 406 manifestum
2022 333 2133 403 est.
2188 331 2786 431 Qemadmodum
2805 327 3014 434 igitur

582 472 790 528 unum
803 451 979 548 prius
990 440 1080 511 est
1100 436 1314 512 multo
1334 488 1359 524 ,
1381 461 1609 514 verum
1626 430 1787 506 falso
1806 485 1828 519 ,
1862 437 1952 503 ita
1965 437 2218 505 reorum
2232 457 2464 504 curvo.
2514 433 2697 503 Nam
2716 438 2897 505 reeh
2910 439 3016 506 via

582 553 781 626 unica
814 545 907 618 est
926 586 948 622 ‚
989 566 1200 613 cutvae
1237 534 1377 609 sunt
1405 541 1803 620 innumerae,
1834 531 2134 630 quibus&
2150 537 2405 633 pungsto
2421 529 2507 603 ad
2521 536 2848 632 puncstum
2914 560 3020 606 er-

584 653 806 723 venire
847 644 1026 715 licet.
1077 641 1389 736 Cumque
1416 660 1646 710 natura
1679 655 2004 734 corporea
2042 656 2247 706 omne
2287 631 2478 745 quod
2505 638 2637 734 agit
2656 659 2819 705 nece
2872 635 3016 707 ario

580 765 739 851 agat
751 791 774 825 ‚
804 742 848 816 st
873 739 1144 841 quidem
1164 737 1249 812 ad
1271 736 1602 839 agendum
1618 734 1923 809 ordinata
1938 731 2013 805 fit
2027 787 2048 819 ,
2068 759 2208 804 non
2226 739 2340 804 nih
2356 733 2435 803 ad
2453 758 2662 805 unum
2685 743 2755 806 ὅ(
2773 731 3019 835 (impli-

595 874 743 923 cem
763 844 997 946 agendi
1013 839 1293 914 modum
1312 836 1613 910 ordinata
1628 833 1750 909 effe
1772 832 2012 935 potest.
2061 834 2253 907 Unus
2271 833 2387 904 iste
2408 840 2479 905 &
2494 828 2765 935 fimplex
2778 834 3022 936 agendi

596 944 842 1021 modus
866 947 935 1014 in
954 962 1150 1015 motu
1161 942 1347 1012 rer
1367 933 1680 1010 confistit.
2980 970 2988 990 τ

699 1069 761 1140 ς.
812 1042 1201 1142 Exemplum
1230 1034 1521 1111 steundae
1543 1034 1735 1135 hujus
1761 1037 2033 1109 Nature
2055 1031 2215 1134 legis
2239 1029 2644 1107 luculentum
2663 1040 3025 1135 apparetin

588 1139 1133 1236 'radiisluminofis
1151 1194 1175 1227 ,
1211 1141 1327 1237 qui
1340 1163 1459 1238 per
1475 1136 1673 1209 lineas
1692 1139 1902 1210 reaas
1915 1189 1934 1216 ‚
1960 1136 1999 1207 ὲ
2018 1131 2324 1234 quolibet
2344 1131 2693 1234 superficiei
2713 1139 3032 1237 corporis

574 1331 577 1334 .
595 1244 800 1321 lucidi
837 1247 1090 1345 punsto
1107 1284 1132 1318 ‚
1158 1245 1226 1310 in
1264 1262 1726 1339 quamcunque
1761 1233 1960 1309 medii
1996 1259 2247 1336 partem
2269 1233 2540 1307 eductas
2554 1230 3028 1325 effunduntur·,

599 1341 1174 1448 quemadmodum
1212 1347 1285 1412 &
1321 1335 1704 1411 umbrarum
1735 1344 2108 1409 rationes&
2131 1334 2444 1436 dioptrae,
2487 1359 2608 1434 per
2624 1360 3033 1435 quarumex·

538 1507 541 1508 ν
601 1470 814 1523 trema
831 1440 1161 1517 foramina
1170 1437 1398 1511 lumen
1414 1441 1604 1511 reikis
1617 1437 1808 1510 lineis
1824 1436 2141 1534 trajicitur
2155 1488 2177 1521 ,
2198 1433 2570 1507 ostendunt.
2594 1440 2813 1534 Hujus
2830 1438 3035 1510 resti-

598 1550 793 1621 lineae
824 1540 1155 1616 effufionis
1189 1535 1440 1612 causam
1460 1536 1638 1640 ‘hanc
1671 1529 1980 1609 adferunt
2004 1531 2428 1636 Philosophi,
2514 1534 2654 1612 uod
2678 1542 2893 1613 omnis
2911 1560 3036 1608 na-

605 1671 762 1720 turae
793 1667 1065 1716 conatus
1080 1642 1270 1713 meltis
1289 1637 1473 1710 lineis
1488 1661 1799 1736 tanquam
1820 1632 2206 1708 breviffimis
2219 1641 2283 1708 in
2307 1662 2404 1736 res
2423 1561 2722 1728 ogjeaas
2745 1633 2987 1712 fetatur
3007 1692 3037 1727 ,

604 1772 748 1846 quo
770 1748 959 1816 citius
991 1735 1386 1836 validiustlue
1404 1732 1719 1808 effee'tum
1747 1732 2131 1833 affequatur.
2181 1740 2500 1810 Gravium
2516 1734 2854 1812 &levium
2880 1792 2904 1825 ,
2939 1734 3039 1810 sa-

606 1852 789 1949 gittae
809 1868 1080 1942 quoque
1094 1839 1277 1912 rede&
1295 1835 1381 1908 ad
1395 1833 1666 1936 scopum
1686 1833 2017 1908 tendentis
2032 1889 2054 1922 ,
2076 1835 2225 1936 pilae
2240 1835 2674 1934 firniliumque
2737 1840 3041 1932 rojesto·

608 1971 756 2020 rum
772 1966 994 2016 motus
1010 1937 1301 2039 regulam
1315 1937 1598 2007 nostram
1621 1936 2045 2008 confirmant.
2094 1942 2202 2009 Sic
2220 1932 2636 2009 fumus-recta
2685 1934 2896 2011 ursum
2914 1937 3044 2011 ad-

610 2042 898 2125 scendit,
933 2040 1048 2110 nisi
1083 2035 1250 2135 quid
1282 2033 1640 2136 impediat:
1673 2063 1710 2107 a
1764 2062 1848 2107 ua
1877 2036 2226 2107 fluviorum
2245 2041 2496 2108 rectum
2509 2039 2833 2137 perpetuo
2853 2063 3040 2112 tenet

611 2136 865 2218 cursum
889 2193 913 2227 ,
946 2134 1061 2209 nifi
1083 2133 1246 2237 quid
1269 2133 1502 2207 obstet.
1560 2138 1697 2209 Nix
1711 2063 2063 2207 pecundum
2078 2136 2281 2208 lineas
2295 2138 2508 2208 recitas
2519 2134 2855 2214 decideret
2875 2191 2900 2228 ,
2915 2138 3039 2213 nisi

610 2249 782 2318 inter
794 2235 1371 2313 descendendum&
1393 2260 1593 2311 vento
1616 2245 1689 2310 δε
1706 2242 1852 2311 ae're
1876 2241 2059 2309 variis
2073 2237 2293 2309 modis
2309 2236 2775 2339 impelleretur.

712 2353 781 2416 6.
832 2340 957 2416 Sed
986 2362 1220 2412 notatu
1239 2337 1509 2438 dignum
1525 2338 1617 2411 est
1631 2364 1766 2439 ptae
1781 2342 2024 2410 caeteris
2037 2389 2059 2424 ,
2092 2336 2424 2438 quodipsa
2435 2337 2544 2411 illa
2561 2365 2869 2441 corpora,
2885 2366 3040 2440 quae

613 2441 1010 2519 circulariter
1050 2464 1402 2513 moventur
1421 2492 1442 2524 ‚
1518 2438 1798 2538 erpetub
1823 2461 2148 2525 conentur
2179 2438 2484 2511 recedere
2504 2438 2540 2512 d
2557 2464 2788 2514 centro
2809 2440 3037 2515 circuli

612 2566 816 2646 quem
834 2540 1209 2617 describunt
1227 2597 1246 2624 ,
1280 2564 1351 2613 ut
1367 2545 1433 2638 ip
1460 2566 1506 2610 o
1526 2563 1752 2611 manus
1772 2535 1945 2611 sensu
1965 2544 2326 2637 experimur
2342 2545 2409 2613 in
2428 2539 2643 2640 lapide
2657 2593 2681 2630 ,
2750 2547 2814 2613 ui
2828 2537 3036 2616 funda

612 2648 1046 2722 circumaekus
1067 2638 1261 2715 ttaliit
1279 2661 1475 2740 atque
1497 2637 1782 2715 intendit
1793 2634 2019 2713 funem
2040 2665 2178 2711 non
2198 2637 2410 2713 solum
2433 2638 2639 2714 versus
2653 2567 2991 2716 isteriores
3011 2698 3034 2730 ‚

613 2742 808 2847 quod
834 2748 1132 2845 gravitati
1163 2740 1359 2818 tribui
1379 2739 1629 2843 possen
1672 2743 1903 2814 verum
1923 2742 2122 2812 etiam
2144 2738 2349 2814 versus
2368 2737 2726 2841 superiores
2742 2796 2765 2824 ,
2797 2741 3040 2818 &alias

619 2869 860 2919 ‚omnes
872 2866 1086 2942 partes
1098 2888 1121 2923 ‚
1147 2840 1307 2912 dum
1324 2841 1363 2920 a}
1375 2867 1573 2914 manu
1587 2839 1713 2914 five
1730 2838 1766 2911 ὰ
1787 2865 2018 2914 centro
2031 2838 2117 2912 sui
2139 2866 2359 2914 motus
2372 2867 2486 2941 per
2498 2840 2700 2915 lineas
2717 2846 2919 2916 reaas
2935 2869 3041 2916 re-

618 2941 854 3019 cedere
890 2946 1140 3012 nititur.
1189 2944 1409 3034 Hujus
1443 2938 1753 3037 equidem
1789 2939 2104 3014 rectilinei
2142 2940 2410 3017 recessus
2424 2995 2445 3027 ,
2478 2967 2588 3016 aut
2608 2940 2831 3018 saltem
2849 2968 3039 3018 rece-

620 3039 824 3118 dendi
852 3064 1130 3113 conatus
1151 3037 1342 3110 aliam
1357 3039 1609 3111 caussm
1626 3066 1768 3112 non
1790 3041 1943 3114 licet
1955 3045 2243 3115 invenire
2265 3094 2287 3128 .
2324 3066 2523 3141 qnam
2537 3070 2682 3121 eam
2700 3098 2723 3133 ,
2756 3066 2897 3143 quae
2914 3043 3040 3119 hac

620 3138 907 3216 secunda
918 3142 1191 3213 Naturae
1204 3136 1347 3239 lege
1368 3121 1764 3217 continetur.
2233 3180 2236 3181 ⁷
2897 3144 2904 3155 ’

717 3267 792 3338 7.
846 3244 1138 3343 Sunt‘qui
1158 3241 1194 3311 a
1211 3244 1417 3339 priori
1443 3236 1782 3323 ostensuri,
1822 3269 1937 3317 cur
1953 3247 2272 3315 naturain
2336 3247 2626 3345 raecipuis
2641 3244 2875 3321 mundi
2892 3268 3044 3317 cor·
3135 3301 3146 3311 .

622 3334 906 3445 poribus
918 3339 1194 3439 figuram
1210 3337 1589 3439 ‘sphaericam
1612 3337 1915 3416 affectate
1936 3343 2018 3414 de
2071 3270 2462 3420 rehenffatur
2480 3398 2502 3432 ,
2533 3342 2632 3419 his
2647 3351 2816 3420 inter
2834 3345 2955 3445 alia
2974 3369 3051 3418 u-

614 3466 854 3518 tuntur
882 3445 1279 3540 argumentis
1301 3494 1324 3526 ,
1363 3441 1556 3539 quod
1584 3439 1725 3515 haec
1760 3440 1968 3543 figura
2003 3370 2457 3541 &mpliciffima
2496 3443 2576 3517 fit
2591 3488 2615 3525 ‚
2658 3455 2730 3521 δι
2763 3435 3047 3519 maxime

624 3540 979 3614 uniformis
1001 3557 1038 3630 ζ
1056 3564 1287 3640 utpote
1308 3566 1455 3637 quae
1479 3547 1676 3613 unico
1693 3566 1947 3614 tantum
1969 3548 2254 3614 termino*
2274 3597 2296 3628 ,
2319 3569 2534 3644 eoque
2548 3542 2593 3618 d
2614 3545 2844 3620 medio
2859 3570 3053 3618 com-

675 3638 920 3713 tehenfi
956 3637 1134 3740 spatii
1151 3641 1441 3740 undique
1454 3641 1786 3740 aequalitet
1803 3642 2073 3714 distante
2091 3648 2541 3727 contineatur)
2563 3678 2583 3731 ς
2624 3646 2701 3721 fit
2722 3654 2919 3721 etiam
2943 3670 3066 3717 ro-

622 3667 967 3813 Eustiffima
996 3739 1090 3815 ,ad
1111 3741 1539 3821 resistendum
1563 3796 1586 3828 ,
1611 3741 1800 3840 quod
1831 3741 2094 3843 fingulae
2123 3740 2288 3815 illius
2316 3768 2531 3848 partes
2554 3745 2695 3819 aliis
2718 3750 3069 3821 firmentur

617 3866 697 3919 ac
716 3837 1140 3914 sustententur
1161 3896 1184 3928 ,
1206 3852 1341 3918 ὅτε.
1394 3839 1732 3920 similibus
1752 3845 2151 3946 argumentis
2169 3869 2295 3916 nos
2317 3853 2409 3918 uti
2431 3840 2771 3944 poffumus
2793 3848 2882 3917 ad
2947 3872 3069 3917 ro·-

612 3939 913 4019 bandum
938 3987 959 4027 ‚
978 3967 1274 4018 naturam
1293 3946 1619 4045 perpetuo
1639 3944 1909 4018 tendere
1930 3940 2015 4016 ad
2033 3969 2293 4020 motum
2313 3942 2497 4021 finum
2518 3951 2880 4019 continuan
2931 3969 3054 4018 um

2812 4042 3042 4121 seeun-
