3391 4418
547 134 711 209 210
878 102 2296 204 '·.D181³,u·r2A·i-·10

546 249 1011 338 quaemcunque
1036 221 1284 299 sensum
1309 223 1698 300 habitudine
1721 252 1938 300 retum
1959 241 2424 326 corporearum
2441 219 2974 312 distributionem

550 328 853 409 arceffere
877 382 899 418 ,
929 325 1049 400 nisi
1085 325 1319 402 mundi
1340 331 1684 427 regionem
1721 326 1922 428 longe
1953 324 2410 427 ampliffimain
2430 323 2981 422 vellemus-omit-

557 459 717 510 tere.

658 555 723 626 5.
778 533 862 602 At
904 532 1055 601 cum
1078 531 1247 600 inter
1267 528 1533 625 objedka
1550 525 1711 601 visus
1731 531 1926 600 etiam
1951 524 2071 600 fint
2090 523 2577 630 magnitudines
2600 580 2622 613 ,
2656 524 2879 628 figurae
2902 536 2978 602 δε

559 634 744 736 plura
761 627 883 699 alia
901 633 1302 714 communia,
1320 654 1461 726 quae
1477 628 1780 700 dicuntur
1801 625 2112 699 sensibilia
2131 683 2152 711 ,
2181 623 2408 699 divisio
2422 625 2762 726 proposita
2778 652 2978 701 mun-

562 733 630 805 di
651 728 919 803 visibilis
939 725 1290 799 desumitur
1305 727 1340 796 a
1359 727 1497 824 visus
1510 731 1714 830 objeflo
1728 732 1969 822 proprio.
2017 723 2324 828 Cum'que
2355 724 2624 817 objetsta
2642 723 2805 800 visus
2817 753 2981 829 pro·

562 838 705 934 pria
724 827 844 899 sint
872 829 976 899 lux
1001 838 1065 901 &
1091 826 1315 914 color,
1356 827 1549 899 color
1567 830 1811 899 veroin
1834 826 2024 900 rebus
2045 854 2183 900 non
2202 883 2223 913 ,
2266 831 2358 898 uti
2376 827 2486 897 lux
2513 871 2535 905 ‚
2564 837 2828 927 propria
2845 831 2983 900 vir-

534 956 704 1006 -tute
738 928 993 1014 radiet,
1032 921 1139 998 sed
1159 954 1287 1026 ope
1308 953 1560 1000 tantum
1573 926 1831 999 luminis
1845 952 2189 1028 appareat,
2230 951 2351 997 nec
2375 931 2671 998 maximis
2684 924 2994 1002 universi

567 1028 964 1130 corporibus
1000 1026 1463 1127 distinguendis
1499 1033 1589 1099 ita
1617 1024 1949 1112 inserviat,
1986 1024 2354 1098 distributio
2374 1026 2590 1099 nostra
2609 1052 2746 1097 non
2768 1024 2987 1098 solum

567 1134 912 1234 proprium
934 1185 948 1210 ‚
984 1152 1209 1198 verum
1233 1133 1428 1199 etiam
1439 1131 1777 1221 potissimum
1795 1125 1963 1200 visus
1977 1125 2314 1224 objed’mn)
2335 1130 2586 1199 Lumen
2609 1153 2729 1226 pro
2746 1123 2996 1199 funda-

577 1255 805 1304 mento
833 1225 1055 1299 habet.
1111 1227 1439 1324 Equidem
1458 1225 1559 1298 lux
1578 1227 1667 1298 est
1689 1233 1985 1299 omnium
2005 1225 2501 1328 praestantiffima
2513 1225 2991 1328 pulcherrima-

574 1359 702 1431 que
748 1325 1082 1411 Univetfi,
1121 1326 1307 1424 quod
1332 1326 1628 1398 videmus
1640 1377 1665 1410 ,
1703 1326 1975 1424 qualitas
1997 1371 2018 1406 ‚
2056 1336 2127 1399 δε
2152 1334 2506 1425 praecipuus
2528 1325 2770 1401 Mundi
2790 1353 3018 1401 orna·-

577 1457 720 1508 tus‚
767 1454 894 1526 qua
942 1441 1256 1524 ‘tanquam
1296 1451 1500 1499 aureae
1535 1425 1866 1518 cujusdam
1900 1427 2081 1500 vestis
2115 1424 2459 1526 splendore
2499 1423 2719 1527 supera
2753 1423 2998 1497 insera-

576 1557 707 1632 que
752 1531 979 1600 omnia
1018 1534 1226 1599 nitent
1255 1551 1330 1597 ac
1368 1527 1787 1601 decorantur.
1861 1532 1941 1598 Et
1968 1524 2097 1626 ipse
2146 1527 2310 1599 Caeli
2346 1528 2693 1626 Terraeque
2708 1532 3000 1599 Creator-

576 1634 892 1703 maximus
926 1627 1167 1728 &Rege
1194 1624 1387 1724 psalte
1406 1625 1735 1701 extollitur
1758 1623 1852 1698 Ps.
1880 1651 2035 1721 ¹04·
2065 1653 2126 1697 z.
2149 1652 2250 1704 ut,
2270 1627 2871 1731 atnistuslumimficut
2890 1647 2999 1701 ve-

566 1728 859 1829 ssimento.

682 1839 749 1901 6.
804 1836 1120 1900 Praeterea
1138 1825 1436 1896 membra
1457 1821 1788 1896 divisionis
1807 1819 2157 1924 propofitae
2174 1828 2646 1897 convenienter
2664 1823 2810 1900 sunt
2827 1831 3004 1902 inter

566 1926 639 2000 'se
665 1926 965 2026 opposita
989 1980 1008 2010 ,
1031 1922 1375 2025 praesertim
1393 1917 1436 1993 si
1454 1923 1733 2007 Lucida,
1762 1923 2090 1996 Pellucida
2110 1933 2181 1997 ὃ(
2206 1930 2439 2025 Opaca
2452 1950 2736 2026 corpora
2755 1928 3006 2000 intelli-
3083 2013 3098 2020 „

582 2049 816 2129 gantur
850 2031 916 2094 in
950 2031 1172 2123 vigore
1200 2033 1271 2094 δε
1295 2018 1863 2123 persefflonesua3
1898 2025 2468 2121 quemadmodum
2486 2032 2554 2098 in
2577 2025 3018 2128 oppositione·

562 2145 798 2199 'rerum
820 2123 957 2194 fieri
982 2124 1205 2194 decet.
1250 2126 1428 2194 Nam
1450 2123 1634 2222 quod
1653 2131 1916 2225 propria
1933 2123 2080 2196 luce
2094 2121 2299 2228 fulget
2316 2180 2338 2213 ,
2367 2124 2582 2198 alieno
2601 2126 2846 2199 lumine
2862 2129 3011 2231 pcl-

582 2223 876 2300 lucidum
895 2221 1018 2295 effe
1036 2228 1298 2321 nequit,
1339 2234 1406 2297 &
1429 2224 1613 2323 quod
1633 2222 1827 2297 radiis
1842 2223 2173 2299 transitum
2192 2254 2330 2300 non
2350 2234 2711 2328 permittit,
2752 2227 2857 2302 scd
2882 2258 3006 2307 eos

581 2322 955 2399 reverberat
974 2370 996 2403 ‚
1040 2330 1131 2397 uti
1157 2322 1310 2397 facit
1331 2352 1610 2426 opacum
1629 2352 1907 2427 corpus,
1949 2328 2014 2399 id
2038 2353 2252 2428 neque
2272 2328 2565 2402 lucidum
2583 2382 2607 2416 ,
2629 2350 2842 2429 neque
2860 2330 3007 2433 pel-

582 2426 882 2507 lucidum
920 2423 1040 2497 effe
1075 2426 1312 2526 potest.
1369 2431 1710 2521 Principium
1736 2428 1896 2500 lucis
1919 2436 1988 2501 &
2012 2432 2360 2517 terminus,
2396 2430 2594 2528 inquo
2625 2426 3006 2532 egreditur,

581 2530 673 2601 est
689 2525 1013 2600 Lucidum
1038 2554 1059 2612 3
1090 2528 1421 2599 Medium&
1443 2531 1544 2598 via
1565 2527 1728 2598 lucis
1750 2582 1770 2614 ,
1811 2554 1938 2627 qua
1955 2529 2408 2632 progreditur,
2429 2531 2521 2601 est
2537 2528 2946 2609 pellucidum
2969 2563 2996 2621 3

580 2636 733 2705 Finis
758 2655 836 2701 ac
860 2634 1171 2701 terminus
1192 2626 1276 2698 ad
1308 2650 1511 2725 quem
1542 2634 1723 2700 venit
1760 2638 1827 2701 &
1856 2630 2028 2702 unde
2057 2631 2233 2730 quasi
2253 2629 2658 2733 regreditur,
2697 2634 3005 2734 est‘Opa-

581 2757 752 2802 cum.
811 2737 982 2827 Qae
1019 2725 1065 2799 ii
1098 2726 1294 2828 paulo
1315 2727 1682 2829 diligentius
1703 2729 2038 2819 attendas,
2077 2731 2328 2805 ordinis
2347 2730 2520 2806 illius
2537 2740 2609 2808 δε
2630 2731 3009 2835 oppositio-

506 2916 523 2925 *
581 2834 680 2898 nis
697 2829 1083 2928 elegantiam
1102 2827 1553 2903 admiraberis.

683 2951 753 3012 7.
804 2930 1116 3021 Denique
1151 2926 1451 2996 membra
1479 2927 1950 3002 distributionis
1968 2931 2137 3005 illins
2161 2930 2457 3008 absoluta
2475 2943 2541 3009 &
2561 2932 2843 3036 positiva
2857 2931 3007 3008 sunt

483 3038 492 3049 ’
578 3031 847 3103 omnia,
882 3051 1018 3096 non
1050 3021 1399 3124 respectiva
1431 3035 1502 3098 δε
1541 3037 1837 3127 negativa
1867 3053 2159 3123 tanturm
2197 3034 2483 3133 nihilque
2513 3041 2579 3109 in
2612 3059 2764 3108 toto
2783 3062 3002 3109 rerum

582 3125 905 3198 universo
937 3129 1223 3194 cernitur
1242 3180 1260 3206 ,
1303 3129 1459 3222 quin
1490 3125 1572 3196 ad
1605 3152 1805 3200 unum
1837 3155 1912 3201 ex
1931 3132 2138 3206 tn'bus
2157 3136 2281 3207 illis
2303 3134 2649 3236 generibus
2667 3132 2902 3209 referre
2919 3137 3003 3208 li·

584 3247 753 3296 ceat.
799 3222 1000 3297 Adeo
1039 3221 1270 3294 divisio
1309 3234 1379 3298 ὃ(
1415 3230 1618 3297 menti
1639 3224 2024 3305 satisfacit&
2046 3230 2244 3305 sensui
2273 3288 2295 3321 ,
2334 3236 2642 3332 quaeduo
2664 3258 2813 3311 rato
2836 3262 3002 3321 con-

578 3329 763 3427 jungi
791 3320 1019 3395 solent.
1076 3322 1222 3394 Nec
1237 3323 1413 3396 deest
1440 3326 1534 3397 illi
1550 3334 1931 3427 quicquam,
1956 3316 2333 3407 dumm‘odo
2348 3360 2579 3411 natura
2593 3337 2782 3424 lucis,
2802 3363 3020 3438 quam·

580 3453 706 3526 pro
749 3421 1182 3496 fundamento
1217 3423 1452 3505 habet,
1494 3454 1634 3500 non
1669 3454 1932 3504 maneat
1966 3432 2326 3507 intelleaui
2346 3437 2572 3512 nostro
2593 3436 3022 3513 abscondita.

585 3531 745 3598 Eam
765 3544 925 3598 vero
949 3521 1059 3596 suo
1076 3523 1232 3596 loco
1257 3525 1292 3597 :i
1317 3524 1511 3601 nobis
1526 3527 1853 3602 detestam
1876 3531 2149 3606 videbis.

682 3633 742 3711 8.
798 3628 946 3721 Jam
979 3623 1130 3696 fi.ex
1162 3623 1430 3699 adverso
1463 3628 1601 3701 illas
1630 3629 1872 3702 Mundi
1907 3630 2296 3722 divisiones,
2331 3662 2496 3737 quas
2521 3639 2634 3711 alii
2661 3636 3009 3743 scriptores

580 3720 861 3797 afferunt
880 3780 900 3811 ,
936 3752 1085 3797 cum
1110 3729 1323 3798 nostra
1342 3726 1568 3803 lubeat
1584 3727 1912 3820 conferre,
1935 3740 2137 3836 magis
2153 3738 2845 3816 ctiamhu'usbonims
2863 3741 3009 3815 elu-

554 3822 775 3897 cebit.
837 3826 1169 3898 Mundum
1202 3827 1301 3898 alii
1334 3836 1401 3900 in
1416 3848 1612 3922 partes
1626 3836 2049 3913 continentes&
2068 3857 2349 3909 cementa
2367 3767 2754 3939 dispescunt.
2798 3844 3015 3915 Con·

578 3930 858 4000 tinentes
882 3926 1005 4001 illis
1030 3926 1173 4001 sunt
1188 3981 1209 4016 ‚
1244 3930 1387 4029 quai
1412 3936 1652 4005 caeteris
1676 3933 2071 4035 corporibus
2083 3933 2376 4036 praebent
2392 3937 2703 4014 naturalia
2714 3937 3009 4014 domici-

1897 4088 1902 4091 -
2876 4040 2962 4115 lia
2984 4100 3007 4135 ,
