3391 4418
929 139 2227 234 cozurnAc-rln

479 284 604 351 94.
656 261 1228 331 Hincmnaem'm
1240 260 1540 342 imam,
1558 287 1714 333 eam
1735 267 1806 336 in
1823 260 2135 338 faciundo
2152 260 2271 337 fibi
2296 263 2623 367 exemplar
2635 187 2798 367 prr?-v

431 384 655 432 onens.

374 388 424 463 P
485 450 604 553 95ss
658 462 740 531 Et
766 460 1031 557 quoties
1054 479 1193 530 arte
1223 452 1397 532 fatsta
1424 458 1620 533 nobis
1647 468 1910 537 notiora
1931 462 2074 538 finnt
2103 471 2210 555 (ut
2234 462 2352 547 fir,
2387 468 2544 562 quia
2561 464 2665 537 vel
2681 467 2796 566 ipsi

381 584 463 631 ea
498 556 1006 640 elaboravimus,
1029 556 1133 631 vel
1166 555 1250 629 ab
1282 557 1415 633 aliis
1443 558 1778 635 elaborata
1811 562 2097 638 crebrius
2117 560 2434 637 versando
2453 565 2797 666 perlustra-

379 664 551 743 mus)

482 769 580 848 96
583 807 602 828 .
656 755 1000 830 Naturalia
1026 781 1103 855 ex
1122 760 1196 830 iis
1222 756 1611 842 seruantes,
1637 761 1724 835 ad
1742 760 2073 840 scientiam
2090 760 2414 863 phyficam
2435 764 2792 863 parandam

369 883 509 945 non
526 883 761 959 parum
782 866 1103 955 juvamur.
1166 884 1173 889 ¹
1202 882 1207 885 ·

472 985 591 1049 97.
646 962 760 1031 Ex.
791 984 890 1058 gt.
925 961 1111 1028 Exea
1139 956 1499 1031 collatione
1536 986 1841 1062 apparet,
1878 989 2009 1062 qua
2040 954 2295 1034 ratione
2321 970 2680 1058 quantitas,
2714 967 2795 1037 fi-

372 1084 555 1165 gura,
574 1068 711 1132 διε.
751 1055 908 1129 licet
923 1061 1209 1129 materia:
1249 1055 1355 1129 seu
1397 1068 1663 1160 corpori
1710 1063 2094 1163 generaliter
2125 1059 2538 1134 confiderato
2587 1067 2648 1140 ὁ.
2683 1089 2707 1136 1
2724 1091 2791 1151 9.

367 1161 621 1235 accidant
656 1160 720 1235 §.
745 1183 860 1247 29.

468 1262 587 1347 98.
612 1263 716 1328 „In
739 1282 807 1329 re
830 1257 1052 1329 tamen
1070 1279 1469 1350 unaquaque
1492 1259 1770 1329 naturali
1794 1265 1851 1338 ὁ.
1874 1268 1992 1333 61.
2013 1256 2202 1331 insint
2224 1258 2536 1352 effimiali&

472 1381 595 1443 99.
643 1358 912 1454 Nempe
947 1377 1022 1423 ut
1056 1352 1279 1462 figurae
1311 1358 1497 1421 varia:
1531 1352 1709 1424 ferro
1735 1358 2004 1451 quidem
2036 1355 2177 1426 sunt
2207 1352 2689 1438 accidentales;
2739 1381 2804 1426 at

354 1453 591 1528 'cultro
616 1456 720 1527 vel
736 1458 883 1525 acui
901 1447 1007 1520 sua
1027 1455 1221 1546 iphus
1239 1449 1448 1547 figura
1468 1449 1802 1521 essentiam
1820 1448 2131 1524 absolvit:
2222 1476 2228 1485 ’

484 1580 646 1624 roo.
698 1554 1060 1647 Propterea
1092 1543 1282 1647 quod
1317 1551 1479 1618 citra
1512 1573 1619 1622 eas
1643 1546 1882 1622 ferrum
1904 1572 2247 1651 permanet
2275 1546 2560 1628 ferrum,
2597 1547 2803 1625 culter

377 1649 486 1724 vel
517 1672 670 1718 acus
694 1672 834 1740 non
867 1651 1046 1716 item.

491 1774 519 1820 1
537 1775 579 1819 o
594 1772 648 1818 1.
710 1749 823 1821 Sic
842 1768 1062 1817 morus
1076 1743 1534 1844 particularum
1554 1749 1732 1821 celer
1751 1756 1822 1823 &
1836 1753 2045 1824 varius
2064 1745 2273 1822 abeffie
2292 1753 2509 1850 potest
2537 1751 2577 1824 εἰ
2607 1772 2795 1848 corpo-

371 1874 465 1938 re3
510 1845 619 1920 sed
637 1846 910 1918 minime
929 1843 1010 1915 ab
1031 1871 1114 1915 eo
1137 1869 1253 1916 cor
1300 1871 1414 1917 ore
1437 1845 1621 1944 quod
1630 1848 1936 1940 flammam
1955 1857 2399 1924 nominamus.

478 1968 641 2022 102.
697 1944 783 2020 Et
805 1942 1214 2045 quemadmo
1262 1972 1378 2018 um
1412 1951 1478 2018 in
1507 1947 1720 2021 cultro
1747 1946 2088 2024 substantia
2121 1949 2270 2022 ferri
2293 1972 2470 2022 certa
2502 1949 2789 2048 quadam

361 2046 814 2150 magnitudine
830 2090 855 2127 ‚
877 2046 1082 2150 figura
1103 2052 1472 2119 acuminata
1490 2102 1509 2128 ,
1538 2056 1937 2124 extremitate
1953 2052 2250 2152 polita&
2261 2055 2542 2151 partium
2570 2049 2791 2125 secun-

361 2149 527 2223 dum
559 2144 620 2219 [ὲ
651 2152 877 2249 quiere
914 2153 941 2240 (
957 2173 1099 2247 quae
1123 2148 1219 2219 est
1242 2144 1372 2248 ipsa
1399 2148 1709 2244 durities)
1751 2160 1949 2226 torius
1979 2152 2263 2251 denique
2289 2173 2484 2225 motu
2515 2177 2786 2227 omnem

364 2253 503 2323 vim
528 2247 764 2350 agendi
790 2242 1055 2321 exserit:
2497 2307 2502 2313 .

478 2374 565 2420 10
580 2375 607 2437 3
621 2401 640 2422 .
689 2356 789 2421 Ita
817 2348 1031 2420 moles
1049 2373 1375 2447 corporea
1394 2347 1497 2419 vel
1515 2344 1859 2423 substantia
1882 2346 2132 2424 extensa
2149 2376 2270 2450 per
2288 2347 2348 2421 st:
2370 2354 2640 2437 otiatur,
2660 2358 2787 2426 vir-

372 2470 513 2536 tute
534 2469 750 2517 autem
770 2445 1133 2516 modorum
1150 2492 1172 2522 2
1192 2473 1361 2612 {uos
1382 2443 1652 2519 diximus
1668 2495 1690 2527 ‚
1712 2457 1827 2520 rite
1848 2455 2229 2546 jun6korum
2258 2473 2585 2547 operatur.

485 2569 650 2635 104.
698 2550 860 2614 Hoc
884 2541 1021 2641 ipso
1039 2550 1107 2614 in
1128 2569 1193 2613 re
1249 2570 1322 2614 us
1341 2544 1737 2619 naturalibus
1759 2545 1994 2620 materia
2016 2555 2334 2640 principium
2361 2549 2451 2617 est
2468 2547 2786 2642 paffivnum,

355 2646 558 2741 forma
586 2644 747 2715 vero
776 2647 1076 2712 actionum.

478 2769 504 2816 1
519 2767 640 2836 05.
694 2738 942 2812 Adhaec
958 2784 982 2816 ‚
1012 2741 1109 2810 uti
1138 2735 1599 2837 ad'aptandum
1623 2738 1980 2810 artificialia
2002 2762 2141 2810 non
2161 2761 2328 2810 unus
2345 2789 2367 2821 ‚
2404 2736 2513 2810 sed
2533 2763 2791 2817 omnes,

370 2867 483 2916 aut
514 2840 691 2915 certe
718 2839 1092 2940 complures
1121 2838 1307 2910 modi
1335 2843 1785 2935 requiruntur,
2732 2831 2742 2839 ’

476 2955 640 3018 106.
693 2949 898 3042 Qos
927 2945 998 3010 in
1024 2936 1270 3010 fabrica
1305 2948 1433 3026 (ex.
1449 2965 1546 3039 gr.
1560 2938 1798 3023 domo,
1818 2936 2209 3040 horologio)
2241 2963 2380 3010 non
2405 2948 2657 3011 tantum
2684 2965 2791 3012 ex-

372 3068 577 3116 trema
599 3097 621 3130 ,
651 3043 881 3118 verum
908 3045 1108 3112 etiam
1137 3044 1364 3110 intima
1393 3036 1775 3137 pernoscere
1803 3041 2030 3115 decet:
2449 3048 2457 3054 ’

477 3170 502 3214 1
518 3170 637 3231 07.
686 3147 794 3215 Sic
822 3165 1180 3241 corporum
1199 3137 1585 3210 naturalium
1613 3135 1855 3224 forma,
1880 3137 1993 3211 ubi
2007 3138 2166 3208 cum
2182 3160 2489 3223 extrema,
2509 3161 2652 3211 tum
2674 3163 2788 3238 pe·-

370 3240 673 3319 nitiffima
704 3237 995 3340 quaeque'
1013 3236 1392 3340 penfitanda
1422 3234 1602 3325 sunt,
2267 3295 2270 3296 ν

471 3367 500 3415 1
516 3346 634 3414 08.
660 3346 734 3412 In
754 3339 1119 3413 modorum
1135 3336 1400 3411 illorum
1419 3344 1722 3411 omnium
1743 3360 1855 3408 aut
1871 3335 2151 3436 plurium
2173 3331 2403 3406 ordine
2421 3333 2726 3409 confistit.

475 3468 561 3516 ιο
569 3467 641 3530 9.
697 3437 1094 3538 eujusmodi
1118 3437 1334 3512 forma
1352 3494 1373 3525 ‚
1391 3461 1616 3512 externa
1633 3439 1874 3538 pariter
1891 3446 1963 3507 δε
1983 3441 2202 3507 interna
2215 3485 2238 3519 ,
2260 3460 2359 3505 res
2378 3441 2467 3506 ita
2490 3434 2779 3512 ordinat,

377 3547 380 3551 ’
470 3568 498 3614 1
522 3568 629 3614 ro.
679 3544 845 3616 Non
868 3539 1176 3641 equidem
1208 3565 1281 3612 ut
1301 3538 1671 3638 simpliciter
1694 3534 1937 3629 rafim,
1969 3532 2102 3606 hoc
2133 3540 2309 3604 enim
2325 3532 2573 3605 habent
2591 3535 2628 3604 a
2643 3559 2783 3604 ma-

365 3644 565 3726 teria;
598 3637 701 3713 sed
728 3666 799 3714 ut
822 3642 1030 3735 resfint
1063 3645 1233 3725 tales,
1269 3660 1512 3710 naturae
1544 3634 1830 3734 quadam
1856 3640 2251 3738 proprietate
2284 3640 2352 3703 δε
2374 3632 2608 3732 agendi
2628 3637 2782 3707 viri-

366 3741 488 3815 bus
515 3745 684 3812 inter
714 3737 777 3811 se
808 3740 1136 3812 distinctae.
1992 3789 1996 3792 v

469 3869 497 3913 1
522 3871 547 3915 1
571 3870 595 3913 1
611 3889 630 3909 .
686 3839 908 3913 Veluti
940 3837 1223 3911 calamus
1250 3834 1334 3907 ad
1356 3839 1538 3908 usum
1573 3830 2117 3904 accommodatus
2134 3829 2332 3902 habet
2353 3854 2613 3902 cavum,
2635 3824 2781 3896 lon-

364 3968 520 4046 gum
540 3987 565 4026 a
613 3942 945 4042 amplum,
992 3938 1257 4013 firmum
1286 3981 1313 4016 ‚
1360 3960 1627 4009 crenam
1654 3958 1787 4008 una
1814 3957 1966 4005 eum
1993 3931 2251 4007 rastello
2279 3962 2298 4003 ε
2339 3929 2488 4031 post
2513 3948 2779 3997 manum

875 4055 883 4066 ’
2025 4063 2030 4064 ’
2569 4039 2783 4092 autem
