3391 4418
570 143 693 234 70
1230 114 1291 200 P
1406 143 1470 199 H
1589 144 1645 198 Y
1772 141 1811 199 s
1935 139 1972 191 1
2095 141 2145 196 c
2270 138 2331 194 A

606 262 615 267 ’
652 226 668 241 ’
684 253 859 325 951.
912 226 1510 325 Qmadmodum
1536 250 1762 302 tamen
1799 222 1871 294 hi
1895 223 2124 323 *circuli
2145 231 2349 327 magis
2363 220 2853 326 protenduntur
2873 257 3017 305 ver-

593 329 691 403 sus
722 354 864 399 earn
887 351 1139 426 partem
1169 356 1299 427 qua
1317 328 1562 401 flumen
1585 325 2046 427 progreditur:
2083 332 2172 398 ita
2206 321 2759 421 &ventusbdefert
2784 326 3016 419 sonum

599 426 809 507 versus
825 453 971 500 earn
986 452 1241 526 partem
1256 481 1276 514 ,
1305 456 1434 527 qua
1449 435 1667 500 a‘e'rem
1684 424 1985 524 impellit.
2547 431 2551 436 ’

701 555 789 629 95
812 556 839 600 z
857 583 872 599 .
931 532 1078 597 Imo
1115 537 1375 625 quoties
1396 526 1508 628 ipfi
1532 550 1730 601 vento
1753 524 2061 597 tremulus
2084 533 2155 599 δε
2178 523 2460 619 vibratus
2481 550 2707 599 motus
2724 528 2981 601 accedit
2997 584 3019 615 ‚

509 690 521 698 .
603 629 802 703 veluti
819 627 968 697 cum
992 630 1055 695 in
1075 635 1349 728 parietes
1374 637 1444 702 &
1465 624 1730 698 arbores
1750 630 1934 696 irruit
1960 677 1981 710 ,
2014 622 2206 697 sonus
2224 635 2361 700 e'us
2380 626 2663 699 auditur.
2715 631 2926 728 Qod
2950 629 3025 701 fit
3113 686 3124 689 Δ

607 728 724 802 ubi
757 726 792 796 a
819 730 993 807 reCka
1028 734 1128 799 via
1158 736 1244 801 im
1298 727 1509 801 editus
1547 724 1860 798 circulum
1883 724 2214 822 quendam
2261 724 2443 815 acere
2463 735 2764 829 cogitur,
2799 730 3023 802 eundo

611 856 687 901 ac
726 824 1101 908 redeundo,
1138 857 1222 900 eo
1275 834 1382 900 e'm
1418 826 1630 899 modo
1671 852 1808 924 quo
1846 850 2016 921 aqua
2047 823 2288 897 arecio
2311 827 2645 928 progressii
2679 827 3028 901 deturbata

610 933 932 1001 vorticem
972 921 1147 999 facit.
1199 931 1262 1031 §.
1290 955 1451 1017 299.
1480 936 1546 999 δε
1574 923 1922 1025 praesertim
1948 931 2017 996 in
2046 926 2320 1023 angustis
2339 927 2587 1028 angulis
2606 982 2629 1020 ‚
2663 925 2779 998 ubi
2802 953 3026 1003 motus

609 1025 1021 1099 acceleratur.
2315 1060 2322 1061 ff

708 1152 747 1216 9
766 1151 794 1217 5
818 1153 878 1217 3.
931 1132 1033 1197 Ac
1070 1121 1249 1197 ficuti
1280 1125 1494 1226 plures
1529 1123 1750 1196 circuli
1775 1127 1843 1193 in
1876 1120 2112 1196 eadem
2149 1136 2335 1221 aquae
2366 1131 2672 1222 portione
2699 1124 2884 1197 fimul
2906 1123 3029 1198 esse

609 1224 873 1328 poffunt
901 1254 917 1296 ε
949 1230 1038 1295 ita
1052 1230 1256 1297 etiam
1274 1228 1491 1326 plures
1514 1232 1580 1296 in
1603 1228 1746 1296 aere
1771 1220 1950 1301 soni,
1986 1222 2140 1297 licet
2156 1225 2510 1324 utrobique
2531 1226 2749 1297 circuli
2771 1225 2889 1297 fint
2909 1232 3033 1298 mi-

612 1328 731 1398 nus
762 1325 1068 1398 distineri.
1116 1330 1199 1398 Et
1228 1324 1799 1425 quemadmodum
1828 1324 2050 1395 circuli
2075 1332 2297 1396 nonin
2320 1351 2670 1397 momento
2694 1378 2717 1411 ,
2746 1320 2852 1395 sed
2874 1353 3033 1426 pro-

602 1423 821 1528 greffu
849 1432 1167 1526 temporis
1194 1428 1340 1526 post
1356 1423 1707 1497 immissum
1724 1422 2096 1524 lapidemin
2113 1451 2279 1523 aqua
2306 1451 2794 1529 propagantur:
2828 1433 2920 1498 ita
2937 1425 3038 1499 so·-

613 1551 731 1598 nus
762 1530 827 1595 in
866 1531 1010 1597 a'e're
1051 1531 1271 1599 vicinis
1293 1523 1584 1627 partibus
1609 1532 2174 1611 communicatur,
2203 1527 2548 1625 postquam
2570 1528 2677 1598 ille
2693 1534 3035 1627 percuti&

614 1623 1096 1724 vibraricoepit.
1372 1698 1379 1703 ,

716 1748 756 1811 9
773 1745 886 1817 54.
936 1729 1115 1796 Deni
1169 1749 1244 1794 ue
1264 1719 1493 1812 olfablm
1517 1728 1790 1824 percipit
1806 1729 1874 1795 in
1891 1737 2035 1797 aere
2055 1725 2349 1799 volantes
2360 1723 2705 1826 particulas
2721 1726 3038 1799 terrestres

620 1819 881 1895 subtiles
901 1849 975 1895 ac
992 1829 1117 1898 vivi
1171 1849 1235 1893 as
1252 1878 1267 1902 ‚
1308 1822 1425 1920 §.9
1448 1837 1552 1896 16.
1573 1830 1684 1920 qui
1703 1820 1904 1896 sensus
1921 1827 2172 1896 odorum
2192 1853 2484 1899 vocatur.
2537 1832 2693 1899 Huc
2717 1833 3042 1926 pertinent

620 1922 879 1997 effluvia
904 1926 965 2001 §.
990 1931 1024 1993 8
1040 1931 1150 2000 80.
1171 1928 1386 1994 tenuia
1408 1919 1693 1995 rosarum
1719 1978 1740 2011 ‚
1758 1949 2351 2013 excrementorum,
2374 1925 2780 2029 transpiratio
2799 1954 3040 2029 corpo-

624 2028 705 2094 ris
723 2022 986 2095 humani
1010 2076 1033 2107 ,
1065 2024 1345 2122 leporini
1367 2030 1500 2097 &c.
2769 2046 2786 2071 -·

723 2326 738 2339 .
791 2224 876 2308 Χ
898 2223 981 2309 Χ
1004 2224 1104 2314 V.
1168 2232 1382 2331 Aqua
1402 2278 1428 2320 ,
1461 2224 1733 2305 Glacies
1761 2281 1787 2323 ,
1821 2225 2182 2335 liquorum
2187 2226 2604 2339 st’eperficies
2621 2196 2822 2315 lie-vt&
2843 2298 2868 2333 ,

1009 2363 1204 2445 aqua
1217 2343 1678 2451 perspicuitas
1697 2339 2012 2447 &sonus
2035 2407 2056 2440 ‚
2097 2349 2353 2455 Spuma
2368 2400 2396 2443 ‚
2426 2347 2647 2428 Bulla.
2771 2379 2782 2384 ⁷
2916 2353 2930 2362 ’

679 2533 849 2607 955.
868 2515 1165 2680 AQua
1191 2513 1404 2580 omnis
1439 2518 1734 2606 quamvis
1763 2539 1901 2584 non
1937 2514 2022 2585 ad
2058 2512 2346 2602 sensum,
2384 2507 2675 2590 absolute
2709 2544 2928 2594 tamen
2955 2515 3044 2593 cst
3141 2543 3152 2546 “

792 2706 869 2781 st·
982 2697 987 2700 x
1039 2611 1227 2696 calida
1255 2636 1282 2679 .·.
1335 2615 1650 2709 quoniam
1694 2640 1752 2686 1.
1804 2613 2001 2686 fluida
2035 2618 2125 2689 est
2164 2620 2224 2696 §.
2250 2624 2337 2707 89
2350 2644 2382 2713 5
2400 2614 2562 2718 .seq.
2592 2648 2656 2694 2.
2686 2611 3043 2723 refrigerari

674 2734 807 2783 ote,
843 2760 861 2780 .
2609 2783 2616 2788 .

623 2737 667 2811 P
725 2821 893 2901 956.
945 2817 1233 2913 Qoties
1261 2811 1478 2883 a'utem
1516 2810 1789 2886 calidior
1809 2811 2003 2886 solito
2025 2816 2114 2887 est
2135 2861 2156 2893 ‚
2199 2814 2282 2888 ab
2298 2822 2445 2917 igne
2460 2842 2717 2891 remota
2735 2817 2819 2892 ad
2831 2819 3045 2920 pristi-

628 2929 787 2975 num
809 2903 1008 3006 frigus
1032 2910 1204 2979 redit
1221 2959 1243 2993 ,
1273 2934 1590 3004 quatenus
1615 2938 1876 2985 motum
1893 2916 2354 3013 particularum
2371 2916 2624 2990 suarum
2647 2927 2895 2995 varium
2912 2926 3044 2994 a‘e'n‘

558 3033 561 3034 ⁷
626 3001 888 3101 aliisque
910 3003 1306 3105 corporibus
1327 3006 1768 3082 ambientibus
1787 3020 2234 3087 communicat
2249 3068 2269 3100 ,
2286 3023 2352 3096 θ’.
2392 3044 2414 3088 1
2429 3027 2473 3089 6
2482 3012 2541 3116 γ’.

727 3130 896 3201 957.
949 3106 1082 3178 Sed
1112 3103 1458 3177 intensiore
1482 3103 1726 3207 frigore
1763 3112 2102 3209 congelata
2138 3118 2355 3186 Glacies
2392 3142 2836 3221 nuncupatur,
2882 3120 3042 3196 dum

624 3200 920 3300 partibus
952 3213 1126 3302 juxta
1157 3201 1217 3275 se
1252 3206 1485 3278 mutuo
1523 3204 2001 3304 quiescentibus
2033 3211 2241 3283 fluida
2273 3213 2395 3286 effe
2431 3216 2706 3300 definit,
2749 3207 2925 3294 secus
2967 3245 3042 3305 ac

625 3307 732 3373 ae'r
762 3301 821 3399 §.
840 3326 1006 3389 900.
1060 3309 1239 3376 Dico
1261 3358 1283 3391 ,
1300 3315 1476 3403 juxta
1493 3303 1551 3376 se
1568 3311 1802 3382 mutuo
1825 3365 1847 3395 ‚
1866 3319 2017 3407 quia
2037 3307 2172 3380 sola
2239 3316 2402 3399 uies,
2426 3340 2571 3414 quae
2583 3320 2692 3395 hic
2713 3319 2914 3424 frigus
2927 3321 3042 3407 est,

625 3426 764 3473 non
784 3396 1010 3602 sgfficit
1030 3401 1112 3474 ad
1129 3430 1365 3503 corpus
1386 3406 1620 3478 durum
1637 3408 2055 3482 efficiendum
2075 3462 2097 3496 ‚
2118 3340 2233 3482 nili
2249 3438 2462 3512 partes
2480 3425 2679 3495 etiam
2697 3419 2756 3495 se
2781 3430 3044 3498 contin-

670 3527 781 3574 ant
841 3553 859 3571 .
888 3528 1048 3593 242.

625 3531 669 3605 g
722 3628 760 3689 9
779 3608 889 3695 58.
942 3607 1021 3676 Et
1035 3605 1477 3702 quoniamista
1491 3607 1865 3709 congelatio
1886 3633 2024 3682 non
2038 3611 2322 3701 accidit,
2344 3600 2461 3690 niss
2477 3625 3043 3705 materiacaelestis‚

623 3726 763 3799 quoe
781 3725 996 3800 partes
1023 3730 1207 3803 aqua:
1220 3704 1666 3791 interlabitur,
1710 3704 1905 3779 solito
1926 3705 2221 3785 subtilior
2244 3718 2463 3792 existat
2482 3773 2504 3809 ,
2835 3778 2848 3790 .

721 3824 759 3888 9
774 3827 803 3897 5
821 3825 888 3889 9.
943 3803 1104 3876 Inde
1122 3804 1197 3877 fit
1219 3860 1242 3892 ,
1268 3831 1340 3879 ut
1358 3813 1505 3909 poti
1521 3807 1757 3907 glaciei
1775 3805 1857 3882 ad
1877 3811 2240 3886 mensuram
2259 3816 2431 3893 istius
2451 3829 2738 3900 materiae
2754 3831 3047 3928 particu-

620 3894 829 3972 larum
847 3907 1075 3977 arctati
1089 3960 1109 3990 ,
1145 3906 1347 4006 paulo
1372 3916 1657 3998 maiores
1667 3905 1930 4010 prorsus
1949 3910 2295 3986 excludant
2315 3963 2336 3987 .

2876 4030 3049 4119 960.
