3391 4418
1035 168 1787 272 PantcA
1899 163 2382 259 XXVIII.
2687 143 2902 275 ,τις

482 290 691 383 plicent
717 285 863 355 banc
890 282 1257 379 differentiam
1284 282 1346 349 in
1376 281 1650 378 aespet‘ium
1666 283 2044 382 incurrentem
2060 326 2081 361 ‚
2117 304 2226 352 non
2242 280 2393 350 mal&
2403 281 2483 351 ad
2496 284 2611 353 m‘a
2625 282 2907 357 elementa

481 386 805 478 referemus.

496 497 502 504 “
588 511 614 555 1
628 493 693 556 6.
710 473 959 553 Ibidem
981 505 1132 552 cum
1148 479 1479 552 elemento
1500 475 2020 552 terrioCartefius
2028 499 2217 573 partes
2233 478 2542 553 attribuat
2558 485 2902 581 maginus-

464 586 561 683 [αα
578 585 860 681 &figuras
874 585 1055 651 minus
1067 584 1142 650 ad
1155 602 1370 651 motum
1392 601 1548 674 aptas
1565 633 1585 664 ,
1602 575 1803 676 quam
1825 575 1964 650 sunt
1983 580 2291 652 elementi
2307 586 2501 680 primi
2522 588 2585 654 δι
2608 577 2889 672 secundi,

316 751 317 754 ,
475 709 754 783 cumque
771 680 1017 753 illarum
1034 681 1383 783 figurarum
1403 686 1571 750 varia
1590 679 1710 752 (int
1725 705 1960 780 genera
1980 699 2100 772 (ex.
2113 709 2213 781 gr.
2230 679 2514 767 ramoiat,
2533 680 2850 781 angulosae
2867 737 2889 765 ,

357 807 364 812 ·
472 784 780 884 oblongae
798 827 819 862 ‚
843 780 1090 855 Cartes.
1127 786 1449 880 Principp.
1468 784 1577 850 111.
1610 807 1720 871 33.
1778 777 1962 877 Phys.
1988 786 2230 855 Contr.
2250 784 2309 882 §.
2338 789 2501 880 836.
2523 778 2663 881 sqq.
2722 781 2889 855 Vos-

465 884 585 959 ssus
601 888 1039 984 ignorantiam
1058 880 1223 952 illius
1246 878 1674 979 Philosophiae
1693 904 1892 977 quam
1911 888 2272 982 impugnat,
2297 879 2436 954 (atis
2447 882 2701 979 prodit,
2721 881 2881 955 dum

387 1001 411 1014 ”
460 1007 649 1089 putat
691 978 1061 1055 Cartefium
1080 1032 1101 1063 ,
1135 985 1228 1051 uti
1262 975 1518 1049 secundi
1555 979 1861 1050 elementi
1892 980 2242 1079 particulas
2273 983 2517 1074 globosis
2535 1024 2559 1056 2
2601 988 2691 1053 ita
2710 989 2883 1056 tertii

443 1087 685 1185 striatas
720 1105 983 1155 vocare.
1033 1082 1307 1181 Legerat
1339 1074 1514 1148 forte
1549 1082 1716 1150 inter
1752 1085 1919 1154 tertii
1952 1079 2258 1152 elementi
2291 1103 2505 1178 partes
2527 1085 2720 1152 etiam
2758 1079 2882 1155 effe

456 1188 704 1259 striatas
745 1178 1166 1251 cohaerentes.
1218 1175 1380 1247 Inde
1406 1173 1654 1274 colligit
1675 1203 1904 1250 omnes
1927 1178 2083 1250 tales
2119 1180 2267 1251 effe.
2325 1176 2539 1278 Qod
2562 1177 2736 1250 idem
2750 1183 2881 1264 est,

458 1312 533 1357 ac
555 1281 600 1353 fi
618 1291 689 1351 in
707 1302 943 1380 genere
966 1282 1181 1347 avium
1195 1271 1535 1347 audiviffet
1553 1273 1671 1345 effi:
1685 1276 1932 1372 aquilas
1951 1330 1973 1361 ‚
1992 1300 2186 1376 atque
2203 1275 2356 1348 inde
2375 1279 2585 1348 statim
2604 1281 2880 1352 conclu-

460 1383 648 1453 deret
671 1432 689 1459 ,
721 1403 870 1448 aves
894 1399 1127 1445 omnes
1148 1372 1269 1447 ess'e
1290 1372 1563 1470 aquilas.
1958 1405 1961 1407 v

473 1489 481 1500 '
559 1504 589 1549 1
605 1502 671 1563 7.
721 1476 981 1548 Voffius
1007 1478 1207 1545 citato
1227 1470 1386 1543 loco
1401 1493 1857 1571 argumentum
1878 1472 2141 1572 triplicis
2158 1473 2461 1547 elementi
2481 1530 2503 1563 ,
2524 1475 2877 1552 secundum

457 1574 799 1677 praecipue,
820 1574 917 1646 bis
936 1574 1150 1645 verbis
1170 1579 1444 1645 conatur
1458 1566 1768 1642 refutare:
1790 1575 2028 1662 quisnon
2043 1577 2283 1644 miretur
2302 1579 2458 1645 trina
2472 1570 2882 1674 bicstatuiele-

453 1696 644 1748 menta
662 1727 684 1760 ‚
717 1672 1162 1772 camsecundrim
1170 1677 1454 1767 propriam
1469 1669 1771 1770 hypothefin
1786 1694 1959 1740 unum
1973 1672 2202 1746 tantam
2214 1673 2473 1769 agnoscat
2487 1684 2522 1748 ,θ
2552 1681 2705 1776 Qis
2717 1680 2878 1747 unius

449 1776 799 1876 ejufiiemque
831 1775 1081 1846 materie
1100 1773 1343 1869 diversas
1355 1770 1573 1864 formas
1596 1825 1616 1857 ‚
1647 1770 1873 1867 diversit
1893 1793 2141 1864 unquam
2165 1777 2390 1846 vocavit
2409 1778 2681 1847 elementa
2697 1785 2732 1847 ἔ
2771 1776 2875 1849 Ad

449 1901 653 1975 quam
693 1874 1149 1972 objectionem
1172 1926 1194 1959 ‚
1228 1896 1559 1970 utcunque
1581 1869 1618 1943 :i
1641 1878 1908 1942 nomine
1926 1873 2177 1944 tantum
2192 1878 2397 1973 petita
2423 1871 2498 1948 fit
2517 1928 2539 1961 ,
2571 1872 2874 1986 respondi

447 1972 635 2072 Phys.
671 1979 911 2050 Contr.
932 1973 995 2074 §.
1022 1977 1189 2072 484.
1246 1974 1512 2075 Nempe
1537 1974 1658 2046 Vir
1692 1972 1797 2043 ille
1814 1995 2003 2072 purat
2018 2024 2041 2059 ,
2065 1966 2206 2045 haec
2221 1973 2356 2045 duo
2373 1972 2634 2047 adversa
2647 1979 2870 2047 fronte

439 2097 768 2178 pugnare,
802 2071 995 2177 quod
1029 2070 1354 2151 Cartefius
1386 2075 1603 2147 statuit
1636 2073 2197 2172 Principp.11.z2.
2253 2075 2561 2149 Unam&
2584 2075 2867 2148 eandem

444 2201 661 2251 rerum
696 2181 999 2249 omnium
1033 2172 1155 2247 esse
1175 2182 1512 2249 materiam
1533 2219 1554 2254 2
1594 2179 1663 2247 &
1681 2179 2006 2275 Principp‘.
2027 2179 2139 2247 111.
2166 2201 2280 2270 5²·
2321 2180 2441 2249 tria
2463 2175 2601 2250 dari
2619 2201 2864 2279 genera

384 2318 399 2327 „
448 2279 736 2349 materiae
758 2275 949 2348 valde
964 2271 1211 2347 diversa
1231 2271 1331 2348 seu
1357 2283 1478 2348 tria
1497 2274 1844 2347 elementa.
2815 2300 2820 2304 ·

549 2373 660 2445 18.
709 2380 939 2471 Itaque
976 2373 1278 2474 exemplo
1318 2378 1772 2447 Grammatico
1801 2371 1978 2444 ‘facili
2012 2381 2083 2446 δε
2107 2378 2316 2450 obvio
2335 2372 2745 2475 propofitum
2765 2398 2866 2445 ar.

445 2482 833 2570 gumentum
870 2468 1243 2543 declarabo.
1294 2479 1437 2567 Qui
1469 2474 1724 2543 literam
1754 2469 2066 2543 seimonis
2092 2482 2303 2547 omnis
2333 2478 2718 2571 principium
2738 2471 2862 2543 effi:

449 2564 734 2640 affirmat
751 2617 774 2651 ,
803 2570 859 2637 is
880 2573 1105 2664 utique
1121 2593 1346 2639 verum
1371 2569 1552 2641 dicit.
1574 2576 1793 2667 Atque
1808 2577 1896 2640 ita
1914 2576 2188 2643 Materia
2207 2568 2455 2640 extensa
2474 2569 2859 2639 naturalium

445 2691 670 2741 terum
752 2670 1094 2765 rincipium
1129 2665 1426 2739 Cartefio
1450 2668 1700 2739 dicitur.
1757 2672 2010 2750 Porro,
2043 2676 2154 2764 qui
2187 2667 2373 2766 plura
2393 2663 2707 2736 sermonis
2730 2665 2861 2736 ele-

443 2791 673 2842 menta
694 2693 913 2839 satuit
925 2808 947 2846 ‚
960 2790 1085 2864 pro
1137 2758 1311 2838 tere‘a
1325 2765 1513 2865 quod
1528 2764 1724 2839 sonus
1742 2765 1834 2837 hu
1844 2766 2168 2838 mani·oris
2185 2761 2454 2841 diversas
2472 2760 2710 2836 hab'eat
2725 2760 2862 2837 for·

441 2893 586 2942 mas
608 2912 634 2947 ‚
667 2871 722 2940 is
737 2864 1013 2938 minime
1026 2792 1147 2937 figi
1163 2865 1553 2938 contradicit
1568 2892 1653 2938 eo
1673 2865 1860 2967 quod
1878 2871 2162 2941 Literam
2191 2889 2384 2938 antea
2399 2859 2710 2937 sermonis
2731 2863 2854 2939 effe

443 2971 847 3072 principium
883 2964 1132 3041 dixerit.
1185 2967 1453 3069 Nempe
1490 2964 1629 3040 soni
1665 2963 1936 3040 diversas
1956 2962 2200 3041 formas
2219 2963 2461 3039 diversa
2482 2962 2690 3038 facere
2708 2991 2858 3038 ora·

445 3071 643 3140 tionis
656 3067 983 3139 elementa
1003 3090 1206 3140 nemo
1223 3092 1310 3138 un
1363 3092 1516 3140 uam
1540 3064 1883 3141 dubitavit.
1926 3072 2073 3140 Pari
2092 3075 2346 3142 tatione
2371 3070 2653 3139 materiae
2672 3070 2738 3136 in
2753 3092 2858 3138 re·

447 3165 568 3238 bus
581 3163 850 3268 pbyficis
871 3162 1131 3240 diversae
1149 3166 1291 3242 sunt
1305 3093 1532 3239 arma:
1548 3212 1571 3245 ‚
1592 3176 1734 3265 quat?
1752 3163 2101 3241 confistunt
2118 3173 2187 3240 in
2205 3173 2508 3240 varietate
2523 3170 2853 3281 magnitu-

441 3264 609 3338 dinis
630 3318 651 3350 ,
684 3266 908 3366 figurae
927 3320 952 3354 ,
987 3264 1138 3340 fitus
1159 3322 1182 3355 ,
1221 3291 1480 3345 motus,
1514 3272 1771 3365 quietis.
1838 3270 1964 3338 Hae
2007 3263 2236 3343 formae
2271 3265 2315 3340 fi
2346 3291 2484 3341 tota
2503 3269 2760 3366 poliunt
2780 3271 2850 3338 in

440 3363 700 3439 mundo
721 3391 1003 3466 corpora
1016 3366 1404 3471 distinguere
1421 3422 1444 3454 ‚
1463 3391 1576 3440 cur
1593 3392 1732 3438 non
1748 3371 1941 3437 etiam
2006 3390 2167 3440 artes
2184 3373 2212 3439 ἲ
2232 3374 2296 3442 Si
2308 3390 2525 3468 partes
2540 3367 2849 3459 majoreS,

439 3492 558 3540 cur
597 3487 738 3537 non
769 3472 840 3538 δε
867 3472 1153 3543 minores
1179 3494 1255 3539 ac
1288 3473 1529 3567 primas·
1557 3485 1578 3539 ἓ
1614 3392 2016 3560 Hujusmogi
2035 3472 2363 3540 minorum
2401 3475 2473 3540 &
2492 3469 2849 3565 primarum

434 3564 897 3669 particularum
932 3570 1001 3636 in
1024 3565 1476 3668 magnitudine
1497 3621 1519 3651 ,
1555 3562 1851 3638 motibus
1874 3571 1944 3638 ὃ(
1968 3566 2184 3666 figuris
2206 3567 2534 3639 distinetio
2552 3564 2849 3639 distincta

434 3663 631 3740 nobis
661 3670 833 3765 parit
864 3665 1395 3766 corpusculorum
1420 3692 1660 3770 genera
1678 3713 1699 3747 ‚
1737 3690 1882 3764 quae
1903 3665 2151 3738 Mundi
2169 3666 2492 3739 elementa
2512 3690 2850 3767 nuncupa-

431 3791 578 3839 mus
599 3818 622 3852 ,
657 3771 810 3867 quia
842 3790 881 3835 ,ι
895 3815 913 3836 .
934 3790 1218 3868 corpora
1247 3794 1325 3848 >ex
1354 3774 1431 3841 iis
1447 3768 1704 3841 fiuntac
1722 3789 2113 3867 generantur
2138 3810 2160 3846 ‚
2198 3776 2266 3840 &
2281 3761 2636 3839 viciffimin
2654 3792 2731 3838 ea
2747 3790 2850 3837 re-

423 3862 803 3941 solvuntur-⁴
830 3891 897 3941 ι..
922 3887 1138 3939 totum
1161 3867 1499 3943 Mundum
1523 3888 1965 3967 componunt.
2015 3866 2227 3940 Simili
2266 3865 2475 3938 modo
2503 3865 2539 3936 ὲ
2559 3864 2760 3939 literis
2778 3872 2850 3935 &

426 3962 902 4074 fingulae'voces
920 3965 1125 4062 fiunt,
1155 3977 1228 4046 δε
1241 3995 1318 4045 ex
1334 3964 1563 4045 iisdem
1573 3965 1744 4043 liber
1762 3970 2015 4140 integker
2030 3969 2285 4043 constat
2304 3974 2373 4041 &
2394 3966 2856 4130 componistua.

594 4090 599 4097 ·
1038 4072 1043 4075 ’
1855 4068 1906 4140 P
2579 4081 2681 4146 19·
2752 4075 2783 4119 e
