3391 4418
997 144 2159 243 Purs1cAXV1.
2639 188 2788 264 ¹59

355 260 503 363 ipfi‘s
520 263 609 334 est
644 258 1074 334 curdicantur
1092 265 1344 331 moveri
1381 267 1406 354 (
1431 257 1912 332 transsationem
1934 259 2545 367 stmperintelligo,
2582 294 2789 369 quam

357 383 433 434 ut
451 362 728 434 modum
755 370 827 435 δε
847 360 1265 433 εἶεᾶὶοηεω
1298 366 1392 432 rei
1416 358 1955 447 confideramus),
1986 372 2462 467 reperirietiam
2484 372 2551 438 in
2572 381 2791 468 majo-

357 458 539 533 ribus
574 460 995 560 corporibus,
1031 486 1270 562 nempe
1288 466 1358 531 in
1381 484 1584 547 terra,
1617 457 1870 547 menia,
1912 463 2356 551 &si1nih'bus-‚
2393 493 2539 566 quae
2561 492 2784 544 tamen

357 583 432 633 ut
446 558 827 660 quiescentia
847 585 1101 635 tantum
1122 559 1512 661 spectantur.
1730 555 1741 566 ’

1138 741 1250 826 .D
1292 766 1343 828 '1
1404 770 1440 825 s
1499 773 1567 826 Ρ.
1684 738 1956 833 XVI.

452 928 561 995 De
580 906 772 1000 motu
786 920 1143 998 communi
1160 915 1544 1031 &proprio
1563 917 1866 1030 aliisque
1881 942 2204 999 motuum
2216 918 2663 1032 diffitentur.

358 1086 413 1134 1.
441 1071 614 1230 O
638 1059 1010 1134 Steudimus
1043 1062 1155 1127 uni
1198 1063 1464 1155 corpori
1495 1085 1631 1130 non
1670 1058 1785 1131 nisi
1824 1083 2026 1131 unum
2062 1082 2322 1130 motum
2342 1058 2584 1129 eodem
2606 1085 2776 1133 rem-

638 1182 801 1258 pore
839 1155 1017 1252 'poss'e
1046 1152 1357 1239 attribui,
1389 1155 1710 1251 quoniam
1745 1184 1884 1229 non
1964 1161 2132 1231 otest
2168 1154 2286 1228 nifi
2307 1156 2391 1228 ab
2415 1182 2542 1247 una
2559 1159 2774 1255 aliqua

338 1265 649 1357 congerie
680 1279 1042 1352 corporum
1076 1251 1322 1324 codem
1356 1279 1710 1326 momento
1746 1185 2109 1343 reced’ere,
2134 1282 2292 1335 nec,
2334 1255 2448 1328 nisi
2481 1257 2566 1327 ad
2597 1282 2775 1328 certa

335 1360 560 1450 aliqua
582 1358 705 1424 alia
721 1375 1008 1450 corpora
1027 1401 1047 1435 ‚
1082 1347 1418 1423 accedere.
1468 1357 1558 1424 At
1581 1376 1774 1450 putet
1794 1352 2021 1448 aliquis
2043 1407 2060 1434 ,
2087 1354 2256 1424 hanc
2281 1352 2655 1427 dost'rinam
2672 1382 2776 1428 re-

337 1477 634 1554 pugnare
653 1456 1056 1552 experientiae
1072 1502 1094 1535 ‚
1120 1475 1262 1547 quae
1278 1447 1494 1548 plures
1511 1455 1581 1520 in
1597 1448 1832 1521 eadem
1851 1475 1918 1520 re
1934 1473 2154 1523 motus
2171 1451 2354 1525 fimul
2372 1452 2491 1526 ess’e
2506 1454 2774 1553 probat.

338 1554 522 1631 Vide
544 1550 727 1650 Disp.
747 1557 851 1622 Xl
872 1556 961 1620 V.
992 1547 1088 1619 th.
1113 1576 1175 1645 5.
2791 1571 2801 1587 “

444 1677 510 1725 2.
557 1646 756 1750 Resp.
794 1646 1317 1750 distinguendum
1359 1646 1482 1721 effi:
1514 1653 1685 1733 inter
1712 1673 1972 1723 motum
1996 1653 2286 1746 proprium
2304 1703 2325 1733 ,
2361 1658 2471 1752 qui
2496 1658 2768 1754 corpori

338 1778 462 1855 per
486 1748 546 1822 se
579 1749 877 1852 spectato
906 1754 1226 1848 comperit
1241 1793 1264 1828 ,
1297 1754 1369 1819 δε
1398 1747 1575 1840 cujus
1589 1745 2043 1823 definitionem
2062 1749 2374 1825 hactenus
2394 1754 2766 1827 enucleavi-

245 1942 246 1945 *
336 1879 527 1938 mus;
578 1860 650 1923 δε
672 1871 1060 1936 communem,
1093 1853 1205 1947 qui
1241 1848 1326 1919 co'
1408 1851 1508 1920 ori
1538 1850 1735 1921 alicui
1764 1858 2111 1938 convenit,
2146 1873 2471 1950 quatenus
2499 1879 2648 1954 pars
2672 1855 2767 1926 est
2864 1886 2873 1892 ‘

336 1958 545 2027 totius
569 1948 838 2047 alicujus
870 1954 1165 2048 corporis
1191 1973 1328 2046 quo
1410 1970 1763 2027 movetur,
1800 1947 2059 2050 ejusque
2088 1975 2353 2023 motum
2374 1959 2757 2052 participat:

333 2059 451 2152 qui
488 2072 708 2121 motus
738 2050 1008 2148 proprie
1038 2049 1270 2119 netaeio
1306 2047 1625 2125 dicim-‚31
1650 2046 2051 2138 deferend03
2085 2050 2170 2123 ab
2190 2051 2330 2124 aliis
2344 2049 2758 2156 philosophis

332 2173 510 2227 motus
533 2171 630 2246 per
659 2150 905 2220 accidens
921 2198 946 2236 ,
976 2152 1129 2247 quia
1145 2148 1410 2318 proprie
1433 2156 1503 2222 &
1525 2174 1644 2249 per
1661 2146 1720 2221 fi:
1744 2174 1965 2224 motus
1982 2178 2123 2225 non
2145 2153 2262 2224 est.
2563 2220 2575 2231 ‚

433 2278 497 2345 3.
547 2254 660 2321 Ex.
679 2276 777 2349 gr.
812 2247 859 2318 si
878 2254 1019 2346 quis
1033 2275 1141 2320 am
1194 2247 1374 2321 ulans
1391 2255 1459 2320 in
1473 2254 1622 2322 navi
1640 2248 2077 2352 horologium
2094 2258 2162 2324 in
2175 2278 2330 2353 pera
2344 2253 2546 2352 gestat
2562 2307 2586 2340 ,
2612 2262 2753 2350 ejus

265 2377 272 2380 ·
322 2347 666 2446 horologii
679 2345 909 2420 rotulae
923 2348 1394 2421 unico-tantum
1410 2372 1603 2421 motu
1622 2345 1741 2421 fibi
1754 2355 2030 2449 proprio
2047 2373 2434 2436 moventur,
2514 2378 2604 2424 uo
2627 2351 2753 2426 ho-

323 2477 424 2526 ras
437 2447 766 2520 indicant:
792 2439 918 2515 Sed
938 2450 1329 2613 participant
1340 2455 1537 2519 etiam
1557 2446 1752 2521 alium
1774 2501 1797 2537 ,
1831 2472 2147 2548 quatenus
2161 2379 2754 2545 adiuuetae‘lmmini

326 2544 692 2621 ambulanti
725 2566 923 2612 unam
952 2569 1106 2614 cum
1144 2550 1154 2561 ’
1209 2570 1253 2616 o
1287 2550 1572 2617 materiae
1593 2571 1852 2643 partem
1874 2550 2277 2627 conficiunt,
2311 2551 2473 2616 item
2494 2547 2697 2620 alium
2722 2594 2749 2627 ‚

323 2667 660 2748 quatenus
674 2637 996 2737 adjuncta:
1014 2637 1156 2712 sunt
1170 2643 1429 2740 navigio
1443 2648 1514 2711 in
1528 2648 1693 2713 mari
1712 2644 2056 2716 fluctuanti
2069 2689 2093 2726 ,
2113 2642 2326 2712 adhuc
2344 2641 2570 2727 alium,
2590 2671 2751 2741 qua-

325 2773 518 2822 tenus
533 2735 986 2838 adjunckaeipfi
1004 2745 1164 2810 mari
1185 2792 1208 2824 ,
1241 2747 1373 2814 διε.
2456 2804 2460 2808 ⁴
2540 2788 2555 2803 ,

415 2868 497 2944 4.
547 2848 807 2916 Omnes
827 2837 924 2909 isti
946 2864 1170 2912 motus
1184 2865 1404 2913 revera
1416 2835 1638 2912 suntin
1652 2836 1882 2913 rotulis
1894 2839 2022 2913 istis
2039 2835 2379 2941 horologii
2398 2891 2420 2926 ,
2445 2866 2566 2913 nec
2582 2842 2750 2924 ullus

320 2971 557 3020 eorum
590 2934 926 3041 negandus
961 2939 1095 3025 est,
1130 2939 1286 3012 cum
1316 2945 1618 3041 proprius
1648 2966 1790 3013 non
1809 2938 2107 3015 excludat
2120 2965 2545 3013 communem
2566 2997 2589 3030 ,
2618 2970 2745 3019 nec

325 3048 694 3118 communis
720 3043 1094 3138 proprium:
1127 3039 1701 3137 quemadmodum
1731 3047 1800 3112 in
1821 3040 2128 3116 omnibus
2146 3040 2282 3112 aliis
2302 3038 2580 3115 rebus&
2590 3070 2748 3143 pro.

313 3151 455 3247 pria
469 3152 538 3216 δε
556 3143 932 3215 communia
951 3139 1259 3213 attributa
1273 3146 1685 3214 inveniuntur
1702 3193 1728 3229 ‚
1753 3167 1897 3240 quae
1917 3141 2128 3216 nullus
2146 3162 2341 3242 negat
2357 3139 2547 3214 fimul
2562 3143 2744 3245 pofle

318 3241 686 3319 coufistere.
1826 3292 1830 3295 «

424 3364 492 3437 5.
543 3346 633 3413 At
655 3339 984 3438 ¹quoniam
1019 3341 1193 3414 adeo
1222 3337 1415 3414 multi
1446 3363 1666 3414 motus
1700 3364 1840 3412 non
1869 3337 2057 3414 faci-le
2080 3338 2267 3413 simul
2281 3340 2593 3444 intelligi,
2618 3366 2743 3415 nee

313 3450 520 3518 etiam
541 3439 935 3512 omnes'satis
955 3443 1290 3515 evidenter
1307 3439 1566 3541 agnosci
1582 3439 1848 3541 poss‘unt
1861 3486 1883 3522 ,
1909 3458 1935 3532 (
1954 3439 2311 3516 multitudo
2325 3446 2502 3513 enim
2522 3466 2741 3513 terum

313 3549 617 3616 intricare
653 3564 944 3612 mentem
974 3538 1139 3615 solet
1176 3549 1249 3613 δε
1285 3539 1695 3613 confundere
1715 3572 1745 3628 ς.
1774 3539 1921 3612 vide
1958 3546 2125 3640 Log.
2148 3547 2199 3613 1.
2227 3568 2251 3611 1
2275 3565 2380 3613 ιο.
2402 3547 2435 3635 ),
2461 3537 2607 3612 satis
2619 3546 2743 3615 erit

308 3651 381 3718 in
401 3639 684 3735 Physicis
704 3646 965 3712 unicum
985 3640 1169 3714 illum
1191 3664 1452 3713 motum
1472 3686 1503 3719 ‚
1521 3646 1636 3739 qui
1653 3647 1955 3741 proprius
1973 3641 2064 3711 est
2083 3637 2319 3739 cuique
2335 3643 2644 3740 corpori,
2671 3644 2740 3712 in

309 3739 454 3846 ipso
490 3736 947 3813 confideraffe:
975 3741 1545 3839 quemadmodum
1563 3745 1760 3812 etiam
1782 3749 1850 3812 in
1870 3762 2170 3812 accurata
2184 3746 2276 3811 rei
2288 3739 2557 3838 alicujus
2578 3765 2748 3811 con—

306 3865 446 3916 tem
500 3841 743 3914 latione
767 3865 911 3912 non
926 3839 1087 3913 solet
1105 3845 1346 3940 requiri
1364 3894 1386 3927 ,
1419 3863 1492 3912 ut
1509 3845 1892 3913 communia
1908 3845 2004 3912 rei
2015 3837 2328 3914 attributa
2345 3839 2625 3912 multum
2643 3861 2745 3908 at-

307 3869 661 4016 tendhmus
679 3991 704 4029 ‚
751 3965 903 4015 cum
941 3940 1027 4015 ad
1059 3946 1333 4046 propria
1368 3937 1799 4045 potiffimum
1821 3946 2073 4017 animus
2110 3936 2188 4014 fit
2221 3936 2701 4013 convertendus
2718 3964 2750 4016 ς,

302 4047 475 4146 Log.
498 4049 550 4118 1.
582 4070 608 4142 3
625 4066 689 4132 9.
1267 4053 1278 4060 “
2397 4042 2756 4128 6.Qem-·
