3391 4418
1069 145 2233 252 Construcrrm
2694 188 2854 267 423

416 257 896 372 'pastionibusve
923 263 1207 331 exerceri
1231 282 1379 359 apta
1398 305 1423 339 2
1460 261 1661 336 veluti
1684 265 1918 340 oculos
1941 319 1965 354 ,
1996 263 2292 368 linguam
2308 311 2334 349 ,
2360 264 2649 343 dextram
2666 324 2688 358 ,
2710 296 2854 346 rna-

415 371 517 473 gis
532 370 726 438 etiarn
747 359 1013 459 reliquis
1034 359 1399 459 diligamus.
1958 392 1964 397 ¹

524 493 622 563 ¹3·
674 486 736 559 ς.
760 466 1035 535 Animus
1069 474 1209 531 non
1238 461 1455 565 potest
1493 460 1695 537 odisse
1714 491 1956 568 corpus
1977 465 2159 541 su'um
2176 521 2198 555 ,
2236 470 2273 541 ὲ
2300 494 2440 569 quo
2460 474 2633 543 varia
2653 467 2839 546 discit

411 575 487 641 &
510 565 903 641 admonetur
931 559 1013 631 de
1048 561 1270 661 multis
1291 612 1313 646 ,
1352 584 1639 658 quorum
1664 570 1726 639 ἰδ
1766 568 1850 643 ὄπ
1896 566 2051 641 alias
2087 568 2456 668 ignorasset.
2503 570 2688 643 Licet
2716 595 2839 640 au-

404 691 547 740 tem
576 658 838 735 confusa
875 656 949 732 sit
973 658 1347 731 admonitio
1369 704 1393 737 2
1438 686 1575 732 non
1602 662 1762 735 ideo
1796 691 1979 765 grata
2008 667 2129 740 effi:
2168 666 2440 753 desinit,
2475 676 2545 742 δε
2579 673 2831 743 animus

400 764 533 866 ipse
557 760 677 854 suis
710 757 953 833 vitibus
993 758 1466 831 distinffiorcm
1498 786 1646 833 eam
1675 770 2132 865 cognitionem
2154 766 2411 841 efficere
2445 766 2637 841 valet.
2683 773 2833 842 Ca-

395 871 498 938 nis
526 887 798 962 quoque
831 857 1162 958 diligitur,
1199 859 1384 958 quod
1416 855 1631 935 furem
1666 860 1902 939 latratu
1918 866 2152 966 prodit
2174 920 2196 954 ,
2230 874 2531 966 quamvis
2546 893 2699 941 eum
2726 864 2826 940 di-

390 964 622 1037 stinstc
641 987 774 1032 non
800 955 1110 1056 designet.
1655 998 1658 1005 ·
1728 1000 1743 1015 ’-

498 1090 607 1153 14.
670 1071 739 1132 6.
758 1054 898 1158 Ipsa
918 1053 1219 1128 confufio
1240 1110 1261 1141 ‚
1299 1085 1443 1157 quae
1467 1062 1649 1134 estin
1680 1059 1972 1136 sensuum
1997 1062 2486 1149 futifflonibus,
2523 1073 2821 1166 corporis

390 1166 725 1257 animique
746 1154 1078 1231 vinculum
1095 1161 1165 1228 in
1185 1160 1482 1229 Homine
1503 1156 1656 1232 facit
1672 1163 2037 1236 amabilius.
2087 1164 2244 1236 Inde
2266 1171 2443 1235 enim
2465 1163 2554 1233 est
2573 1209 2593 1244 ‚
2627 1166 2815 1262 quod

389 1281 769 1334 naturarum
789 1253 1117 1329 diverfitas
1133 1305 1155 1339 ,
1181 1262 1645 1353 operationum
1667 1257 2119 1335 dissimilitudo
2143 1265 2341 1362 vulgo
2361 1287 2501 1335 non
2518 1260 2815 1335 adverta-

389 1384 536 1451 tur;
564 1353 679 1427 sed
701 1378 773 1428 ut
805 1380 931 1455 pro
955 1381 1093 1428 uno
1128 1363 1198 1427 δε
1234 1354 1475 1427 eodem
1506 1354 1873 1428 habeantur
1897 1412 1920 1444 ,
1955 1385 2097 1456 quae
2122 1386 2527 1464 magnopere
2550 1359 2810 1434 distant.

249 1507 266 1538 ,
387 1462 644 1531 Primus
684 1462 758 1528 δε
790 1455 1072 1527 musteus
1110 1479 1300 1525 amor
1332 1457 1418 1526 co
1448 1451 1901 1529 vehementior
1931 1461 2054 1539 est,
2085 1463 2222 1559 quo
2242 1468 2448 1566 magis
2466 1456 2805 1537 confusam

384 1560 696 1630 notitiam
715 1558 1142 1648 conjunfflm
1161 1551 1388 1626 habet.

488 1677 603 1750 15.
648 1680 721 1752 7.
764 1651 981 1751 Qod
1033 1651 1082 1744 li
1116 1649 1427 1725 dominus
1458 1648 1710 1724 servum
1745 1678 2081 1754 promtum
2128 1667 2198 1733 δε
2231 1656 2512 1732 alacrem
2549 1658 2803 1760 diligit,

431 1753 639 1825 uid-ni
678 1759 928 1826 animus
947 1778 1185 1853 corpus
1208 1749 1328 1823 fibi
1340 1756 1644 1852 junctum
1664 1777 1910 1827 amaret
1927 1806 1955 1841 ,
1984 1755 2142 1829 dum
2161 1757 2319 1849 julla
2335 1765 2472 1855 ejus
2494 1755 2804 1858 promtis-

501 1852 539 1927 ὲ
563 1846 961 1951 exsequitur}
998 1858 1106 1926 De
1126 1878 1255 1951 qua
1279 1858 1685 1952 proprietate
1703 1879 1893 1954 capp.
1915 1858 2197 1929 XXVII.
2215 1852 2306 1955 sq.

479 1979 511 2028 1
526 1964 596 2027 6.
650 1956 721 2028 8¹.
741 1959 972 2056 Longa
991 1958 1138 2032 vitae
1156 1950 1595 2029 consuetudo,
1615 1975 1718 2026 tot
1736 1959 2001 2026 aestuum
2019 1955 2191 2029 adeo
2213 1956 2594 2028 diuturnum
2609 1978 2801 2028 com-

373 2057 694 2126 mercium
713 2105 738 2139 ,
774 2080 912 2154 quo
947 2051 1396 2127 intercedente
1436 2058 1654 2124 anima
1676 2050 1799 2130 fuit
1817 2050 2050 2156 hospes
2080 2054 2431 2154 comesque
2450 2060 2748 2151 corporis
2764 2100 2791 2133 ι

367 2150 707 2233 idfefficit2
743 2178 819 2228 ut
853 2164 1103 2251 majore
1134 2154 1419 2252 quadam
1450 2148 1881 2228 familiaritate
1900 2181 2140 2259 corpus
2160 2161 2465 2231 &anima
2483 2151 2797 2232 intersese
2888 2193 2891 2195 ·

370 2253 816 2340 devinciamur
834 2295 857 2331 2
886 2255 1040 2325 cum
1069 2251 1414 2349 praesertim
1445 2251 1721 2324 alterum
1738 2255 1924 2330 alteri
1944 2261 2315 2353 proximum
2336 2253 2413 2327 fit
2429 2305 2453 2339 ,
2485 2279 2701 2353 neque
2717 2279 2789 2326 rc

370 2350 502 2421 ulla
540 2349 762 2421 media
789 2373 1086 2448 unquam
1116 2347 1594 2447 disjungantur.
1643 2356 1860 2450 Capp.
1885 2358 2102 2428 XXV.
2131 2351 2175 2424 s
2209 2405 2230 2426 .
2794 2432 2798 2437 ,

464 2472 583 2544 ¹7·
631 2452 686 2520 Ε
715 2445 911 2520 dietis
938 2446 1321 2548 intelligitur
1355 2451 1524 2518 ratio
1549 2456 1620 2521 &
1643 2453 1878 2521 veritas
1906 2449 2078 2523 illius
2095 2381 2273 2524 effati
2294 2450 2547 2525 Paulini
2568 2480 2586 2525 t
2608 2455 2784 2523 nauus

365 2566 621 2640 unquam
643 2544 814 2642 suam
833 2547 988 2642 ipsiu
1018 2570 1247 2619 carnem
1284 2547 1411 2620 odio
1432 2545 1628 2615 babuit
1645 2596 1668 2631 ,
1690 2547 1795 2642 sed
1823 2551 2006 2617 mtrir
2021 2547 2450 2638 acfoveriltam.
2508 2543 2783 2646 Insuper

366 2671 447 2718 ex
483 2669 617 2730 eo,
656 2642 843 2743 quod
880 2645 1179 2745 proxime
1218 2640 1639 2725 dicebamus,
1675 2640 2133 2743 cognoscitur,
2169 2667 2284 2714 cur
2315 2657 2504 2714 arnor
2525 2649 2672 2717 vitae
2703 2647 2777 2715 in

365 2740 518 2846 ipfis
532 2768 807 2844 quoque
832 2740 1089 2816 senibus
1108 2742 1484 2817 naturaliter
1500 2737 1889 2840 perseveret.

469 2849 585 2919 18.
629 2848 939 2942 Denique
972 2848 1150 2945 leges
1181 2868 1418 2917 omnes
1448 2893 1472 2928 ,
1523 2866 1669 2941 quae
1712 2839 1967 2915 delictis
2000 2837 2357 2914 hominum
2393 2842 2774 2944 corporales

360 2967 596 3045 poenas
624 2949 922 3047 irrogant
946 2998 968 3031 ,
1010 2947 1214 3033 iniis,
1246 2967 1390 3044 quae
1421 2939 1506 3012 de
1539 2940 1807 3014 amabili
1829 2947 2133 3043 corporis
2151 2943 2489 3040 animique
2503 2938 2785 3022 consor-2

356 3048 455 3115 tio
473 3049 542 3116 in
559 3039 855 3148 prasenti
877 3043 1259 3118 tradidimus
1275 3098 1297 3132 ,
1326 3045 1650 3145 praecipue
1671 3038 2049 3116 fundantur.
2104 3044 2430 3212 Qigunvis
2445 3048 2622 3114 enim
2638 3046 2778 3113 ani-

358 3165 511 3215 rnus
539 3146 810 3247 proprie
843 3143 932 3218 'fit
958 3147 1075 3244 qui
1111 3149 1343 3246 peccat
1361 3197 1383 3230 ,
1418 3142 1577 3218 curn
1609 3167 1832 3217 tamen
1863 3149 1917 3218 is
1949 3138 2200 3214 verberi
2255 3167 2329 3214 us
2348 3141 2646 3243 castigari
2662 3140 2774 3213 vel

361 3240 591 3342 gladio
625 3244 837 3319 occidi
866 3270 1007 3319 non
1035 3242 1274 3344 poffit‚
1306 3248 1571 3346 punitur
1598 3248 1667 3316 in
1700 3268 1770 3316 re
1801 3239 1920 3315 fibi
1951 3245 2247 3343 proxima
2268 3249 2337 3313 &
2363 3239 2771 3316 chariffima·

349 3359 514 3415 'cum
550 3371 684 3445 qua
720 3351 966 3422 amoris
993 3343 1235 3418 affeetu
1267 3368 1502 3441 totque
1536 3342 1672 3417 aliis
1704 3342 1973 3416 vinculis
2007 3340 2091 3415 fic
2125 3341 2213 3413 est
2232 3345 2493 3442 junci-us
2524 3393 2546 3425 ,
2590 3363 2664 3411 ut
2695 3363 2779 3410 u-

359 3465 520 3515 num
548 3468 766 3519 totum
799 3464 1193 3547 componat.
1275 3446 1551 3545 Corpus
1576 3440 1845 3542 quidem
1868 3447 2279 3544 ,'proPtcrea
2313 3437 2501 3539 quod
2538 3438 2774 3514 instru-

359 3565 663 3619 mentum
693 3546 788 3618 est
816 3552 1047 3620 anirnae
1077 3549 1447 3647 peccantis,
1483 3544 1647 3643 juste
1684 3548 1973 3642 punitur.
2040 3540 2175 3615 Sed
2212 3567 2288 3613 ea
2309 3583 2334 3617 ,
2371 3563 2516 3638 quae
2551 3534 2768 3609 modo

359 3639 550 3716 allata
589 3647 724 3727 est·
751 3645 942 3749 hujus
969 3647 1217 3746 justitia.»
1247 3640 1431 3720 causa
1463 3640 1723 3747 plenior
1755 3648 1827 3715 &
1863 3648 2072 3746 magis
2106 3635 2471 3718 universalis
2506 3632 2631 3709 effe
2670 3638 2772 3709 vi-

359 3738 575 3820 dem·
1685 3844 1759 3911 Η
1779 3835 1825 3907 h
1844 3841 1906 3917 h*
2282 3797 2289 3801 ⁴
2528 3839 2605 3912 -C
2626 3855 2678 3909 Δ
2700 3854 2775 3909 ι’.
