3391 4418
636 116 806 202 440
1119 78 2564 189 Conpoa1s-ssrfiuruae

746 208 848 274 11.
893 203 998 277 Ita
1026 202 1355 273 voluntati
1378 196 1743 272 adversatur
1762 196 2084 281 memoria
2103 238 2127 273 ,
2162 191 2437 294 quando
2460 189 2812 269 meministi
2836 225 3079 281 eorum

638 328 788 401 quae
806 326 946 374 non
965 304 1094 386 vis,
1118 294 1416 372 oblivisci
1440 327 1576 371 non
1595 323 1792 399 potes
1811 321 1955 397 quae
1980 300 2094 381 vis,
2114 294 2301 394 quod
2320 294 2730 368 Athenienfis
2751 299 2864 372 ine
2887 304 3074 380 The-

637 402 965 477 mistocles
996 401 1079 475 de
1116 396 1174 473 se
1206 397 1597 477 affirmabat.
1650 403 1832 471 Hinc
1859 392 2107 497 pendet
2143 395 2345 468 altera
2364 421 2663 497 errorum
2681 402 3069 485 nostrorum

636 501 857 583 causa,
888 528 1092 605 quarn
1117 505 1346 583 trastat
1368 497 1805 601 Philosophus
1826 503 2039 573 Ptine.
2061 502 2113 569 1.
2130 524 2269 599 7²⁶.
2358 586 2361 593 1

1507 726 1587 809 C
1645 749 1702 807 A
1764 752 1831 805 Ρ.
1950 721 2075 807 LI
2094 721 2209 808 11.

1000 901 1450 1017 oppositionis
1471 900 1664 981 illius
1692 898 2035 1007 dastim‘la
2055 907 2281 1010 magis
2300 896 2705 1014 explicatio.

636 1113 693 1162 1.
897 1095 954 1162 X
985 1092 1124 1177 iis,
1180 1112 1273 1158 uae
1307 1089 1617 1186 proximis
1655 1081 1926 1155 duobus
1966 1080 2286 1182 capitibus
2326 1081 2507 1155 dicha
2528 1084 2704 1164 sunt,
2741 1084 3057 1181 Conjun.

891 1114 1343 1282 &ioniscbujus
1357 1240 1377 1273 ,
1410 1212 1556 1283 quae
1583 1185 1671 1255 est
1692 1188 1866 1255 inter
1884 1188 2168 1253 animam
2194 1192 2262 1254 &
2286 1208 2530 1283 corpus
2549 1230 2574 1262 ‚
2610 1189 2952 1285 proprium
2974 1197 3051 1260 δε

618 1288 1074 1361 admirandum
1107 1286 1352 1360 sextum
1381 1295 1449 1358 &
1471 1281 1842 1357 vicesimum
1863 1279 2297 1385 cognoscitur.
2350 1290 2677 1381 vais
2705 1291 2885 1356 enim
2909 1286 3051 1360 dua:

615 1389 744 1461 istae
779 1388 1136 1461 substantiae
1165 1412 1299 1459 tam
1328 1386 1501 1457 ara-e
1524 1383 1843 1485 copulata:
1877 1381 2035 1463 lint,
2073 1407 2145 1455 ut
2170 1383 2409 1456 arffius
2444 1411 2585 1457 non
2623 1384 2903 1487 poffint‚
2937 1386 3055 1481 (id

617 1488 808 1586 quod
844 1492 883 1565 ὲ
917 1485 1351 1590 superioribus
1375 1482 1562 1556 facile
1598 1484 1960 1557 ostenditur
1977 1491 2043 1577 ‚)
2087 1509 2223 1554 non
2250 1485 2394 1557 raro
2420 1508 2641 1557 tamen
2665 1490 2842 1557 acius
2864 1511 3045 1558 exer-

619 1614 771 1669 cent
790 1587 905 1662 fibi
927 1595 1205 1664 invicem
1224 1610 1656 1688 repugnantes
1673 1640 1694 1673 ‚
1712 1579 1927 1657 saltem
1952 1608 2242 1656 exercerc
2262 1582 2546 1683 possunt.
2579 1590 2658 1657 Et
2681 1584 2841 1684 saepe
2864 1592 3052 1660 acius<

616 1695 819 1773 animi
859 1688 1158 1791 fimplex,
1200 1693 1517 1761 Hominis
1549 1690 1723 1759 adl-ui
1756 1682 2127 1786 compofito
2155 1682 2560 1774 adversatur,
2588 1711 2701 1760 aut
2725 1687 2901 1758 certe
2932 1689 3043 1760 ad-

614 1787 846 1866 versari
868 1792 1113 1893 potest,
1155 1816 1293 1862 non
1317 1786 1612 1861 obstante
1636 1791 2121 1884 conjunctionis
2139 1784 2625 1858 neceffitudine.

711 1917 782 1963 2.
834 1888 1434 1989 Qmadmodum
1455 1889 1616 1958 vero
1633 1911 1843 1956 rerum
1863 1882 2299 1984 quarumlibet
2315 1888 2561 1982 oppofitio
2581 1888 2703 1958 alia
2721 1889 3042 1981 estfhrma-

529 2034 535 2039 -
612 1991 680 2058 lis
710 1991 964 2060 tantum
985 2042 1005 2073 ,
1036 2015 1180 2085 quae
1201 1998 1268 2057 in
1292 1982 1656 2057 diversitate
1687 2007 1929 2058 natutae
1955 1984 2186 2088 insigni
2206 1984 2523 2066 consistit,
2552 1986 2923 2080 cujusmodi
2946 1995 3036 2073 est

611 2091 783 2161 inter
817 2112 1088 2159 curvum
1113 2096 1180 2158 δε
1206 2091 1500 2170 τεᾶὶιιτης
1541 2085 1667 2155 alia
1692 2080 2214 2184 insupereffibliva
2231 2141 2252 2171 ,
2287 2111 2425 2184 quae
2444 2092 2671 2157 virium
2698 2097 2766 2158 δε
2790 2116 3039 2189 opera..

607 2189 872 2259 tionum
903 2213 1189 2287 pugnam
1219 2213 1458 2260 naturae
1493 2181 1846 2272 diversitati
1878 2186 2099 2273 addit,
2136 2184 2498 2286 cujusmodi
2533 2187 2624 2259 est
2653 2192 2823 2260 inter
2850 2186 3036 2292 frigi-

608 2283 769 2358 dum
807 2296 876 2360 &
907 2288 1224 2373 calidum:
1261 2297 1348 2363 ita
1386 2315 1528 2387 quae
1556 2292 1634 2357 in.
1655 2291 1951 2362 Homine
1969 2295 2297 2361 contraria
2316 2285 2457 2362 sunt
2479 2285 2588 2361 sub
2612 2314 2895 2389 utroque
2915 2320 3030 2393 ge·

603 2412 760 2459 nere
784 2414 1231 2461 continentur.

701 2516 760 2586 3.
812 2491 990 2561 Nam
1025 2491 1190 2563 inter
1230 2489 1351 2561 alia
1387 2492 1733 2564 conflictus
1770 2498 1836 2562 δι
1881 2488 2059 2561 ludia
2101 2486 2614 2589 deprehenditur
2648 2459 3039 2579 ffianisesta,

598 2615 887 2686 quorum
922 2590 1290 2691 exemplum
1323 2591 1670 2662 habuimus
1690 2617 1839 2691 cap.
1864 2596 2093 2680 LH.9.
2131 2597 2296 2661 inter
2316 2587 2601 2688 alianon
2621 2594 2783 2663 item
2805 2645 2827 2678 ‚
2858 2618 3027 2691 quo·

595 2716 738 2763 rum
761 2690 1058 2788 exempla
1082 2718 1272 2793 capp.
1295 2697 1394 2760 LI'.
1422 2705 1488 2763 6.
1506 2696 1649 2763 L11.
1675 2717 1702 2762 1
1719 2718 1775 2764 ι.
2546 2731 2555 2751 τ
2988 2709 3013 2724 ‘

691 2817 764 2886 4·
821 2793 1196 2864 Conflic‘tus
1233 2789 1441 2870 illius,
1490 2798 1600 2888 qui
1638 2791 1720 2861 ad
1757 2793 1931 2864 hunc
1965 2790 2185 2863 locum
2212 2794 2404 2889 praeci
2461 2790 2539 2861 ιιὲ
2563 2787 2843 2890 (perstat,
2872 2787 3026 2861 fun-

595 2885 978 2962 damentum
1005 2890 1128 2962 'esse
1160 2890 1435 2978 diximus
1457 2937 1475 2968 ‚
1513 2892 1700 2984 quod
1728 2902 1795 2964 ὃ(
1834 2919 2074 2991 corpus
2093 2919 2206 2991 per
2226 2887 2371 2961 suos
2394 2817 2678 2989 (gitium,
2721 2897 3024 2965 &anima

590 3013 710 3087 per
723 2987 900 3061 suam
925 2990 1328 3062 voluntatem
1349 3041 1367 3068 ,
1388 3015 1644 3062 motum
1670 2998 1943 3064 excitare
1960 2994 2158 3092 posfit
2177 2998 2241 3062 in
2265 2991 2513 3062 cerebri
2536 2991 2841 3093 glandula
2864 3046 2885 3077 ,
2906 2996 3031 3063 cui»

591 3087 707 3160 ioli
725 3090 1022 3188 proxime
1053 3093 1403 3188 conjuncta
1424 3090 1536 3160 est.

691 3211 756 3279 ς.
812 3187 1319 3262 Observandum
1359 3195 1605 3290 quippe
1637 3194 1766 3277 est,
1799 3191 2082 3265 eundem
2120 3187 2432 3263 erfastum
2473 3192 2508 3261 a
2533 3189 2793 3263 diversis
2818 3189 3033 3264 causis.

583 3283 764 3388 posse
787 3287 1106 3389 proficisci
1126 3335 1146 3368 ,
1184 3289 1333 3362 vide
1355 3288 1608 3361 Theor.
1643 3300 1800 3367 Viv.
1827 3319 1985 3389 194.
2004 3303 2071 3363 &
2090 3290 2268 3363 alibi.
2325 3296 2433 3363 Sic
2463 3289 2544 3361 ab
2565 3298 2716 3392 igne
2739 3346 2759 3376 ‚
2802 3290 2844 3361 si
2869 3320 3014 3364 ura-

583 3411 726 3473 tur,
757 3388 997 3491 pedem
1021 3412 1320 3461 removet
1348 3394 1523 3462 canis
1544 3388 1682 3465 solo
1705 3418 2035 3491 corporeo
2063 3416 2282 3462 motus
2304 3391 2530 3462 localis
2548 3397 2915 3492 principio:
2947 3416 3014 3465 at

585 3487 801 3562 homo
831 3489 1012 3561 idem
1042 3485 1197 3560 facit
1223 3488 1571 3563 voluntatis
1606 3498 2079 3564 interveniente
2114 3491 2311 3585 jussu:
2350 3497 2648 3589 quamvis
2674 3493 3021 3564 interdum·

582 3613 854 3688 quoque
894 3617 1009 3690 per
1046 3588 1251 3663 solum
1284 3583 1607 3691 impetum
1630 3619 2031 3693 corporeum
2052 3589 2247 3663 faciat
2268 3650 2282 3673 ‚
2323 3620 2465 3691 quae
2488 3593 2639 3664 alitis
2660 3618 2779 3692 per
2798 3600 3002 3664 ratio-

580 3710 757 3758 nem.
824 3691 996 3762 Vide
1017 3693 1461 3786 Theor.49o.
1527 3700 1699 3792 Qae
1717 3694 1932 3764 homo
1958 3691 2115 3764 facit
2136 3716 2285 3766 cum
2311 3699 2562 3766 ratione
2586 3702 2651 3764 &
2680 3701 2820 3789 jure
2843 3749 2861 3778 ,
2892 3718 3001 3761 ea-

584 3784 734 3854 dem
755 3784 908 3886 stepe
931 3789 1158 3864 bestias
1176 3843 1195 3870 ,
1221 3799 1471 3891 impetu
1493 3793 1763 3865 naturali
1785 3791 1996 3864 facere
2015 3849 2034 3880 ,
2063 3791 2715 3886 etiamJureconsulti
2736 3819 2854 3866 nos
2873 3791 3003 3862 do-

583 3906 756 3957 cent.
811 3890 974 3957 Duo
996 3888 1147 3960 cum
1165 3889 1410 3972 faciunt
1428 3891 1606 3975 idem
1627 3946 1662 3985 „
1679 3920 1820 3974 non
1840 3890 2091 3996 semper
2107 3893 2285 3967 idem
2308 3894 2422 3968 est.
2842 3993 2910 4062 H

736 3994 752 4010 ·
2745 4000 2818 4067 6.
2912 4024 3009 4070 oc
