3391 4418
929 173 1006 259 C
1092 200 1148 256 o
1240 200 1302 257 N
1387 198 1443 257 τ
1528 202 1588 257 n
1675 206 1733 262 A
1825 207 1876 264 c
1962 206 2017 262 τ
2109 207 2194 262 A.

444 302 509 370 ,6
516 319 578 364 2.
630 286 858 362 Habet
890 292 1114 386 utique
1149 287 1434 360 modum
1473 289 1855 366 extenfionis
1884 290 2002 365 sua:
2024 292 2125 364 vel
2155 289 2513 366 mensuram
2543 216 2776 370 ἀσὶἱηιῖ

354 417 495 465 tam
515 445 538 477 ‚
571 416 713 489 quae
739 394 1053 462 continua
1067 391 1423 490 Quamnam
1458 397 1531 461 &
1547 396 1831 490 partium
1853 437 1874 473 ,
1910 418 1987 465 ex
2007 389 2243 490 quibus
2263 395 2517 467 constat
2535 423 2771 470 nume·

353 518 532 576 rum,
552 515 696 588 quae
716 489 950 561 dicitur
972 492 1294 586 quantitas
1317 485 1609 562 discreta.
1644 524 1649 529 ·

466 602 509 660 6
516 617 550 681 3
565 644 582 662 .
632 587 860 660 Habet
881 585 1492 662 extremitatem-fibi
1512 615 2012 693 congruentem,
2035 618 2178 692 quae
2197 594 2288 664 est
2300 597 2522 689 Figura·

462 698 576 781 64.
630 686 854 760 Habet
873 687 1198 769 ambitum
1218 688 1498 762 aliorum
1520 717 1879 791 corporum
1895 736 1916 772 ‚
1945 698 2133 765 unius
2162 693 2567 793 pluriumve,
2603 699 2770 767 inter

353 813 500 888 quae
517 788 810 884 est,fitum
827 788 930 859 vel
996 784 1254 859 ostrum.
1305 793 1561 861 Harum
1580 790 1988 891 positionum
2014 789 2116 863 sex
2135 818 2549 869 numerantur
2580 794 2768 866 diffe-

350 893 603 962 rentiaex
632 883 899 974 sursum,
968 883 1249 973 eorsum,
1263 884 1664 963 dextrorsum
1677 946 1697 973 ‚
1723 887 2054 963 laevotsum
2069 935 2096 968 ‚
2117 888 2413 991 prorsum
2430 921 2506 967 ac
2525 920 2766 971 retror-

346 987 510 1063 sum.
592 1052 595 1055 ,
1997 1006 1998 1009 ’

448 1102 566 1182 65.
622 1087 730 1160 Ab
753 1084 918 1159 hisce
940 1085 1380 1160 ambientibus
1406 1086 1805 1188 corporibus
1820 1087 1989 1162 illud
2013 1113 2148 1161 non
2170 1113 2539 1189 penetratur
2560 1093 2624 1167 §-
2650 1120 2675 1180 3
2699 1119 2722 1181 3
2751 1139 2772 1161 .

348 1212 641 1263 attamen
658 1192 967 1287 tangitur5
986 1195 1141 1285 quia
1160 1212 1434 1259 vacuum
1454 1186 1708 1259 nussum
1729 1190 1815 1260 est
1841 1192 1898 1266 §-
1921 1215 2041 1279 43.
2076 1193 2236 1259 Haec
2260 1210 2501 1262 vocant
2521 1203 2771 1281 impene-

344 1290 721 1360 nubilitatem
758 1296 828 1358 &
853 1295 1191 1357 cannetum
1212 1338 1229 1366 ,
1277 1309 1475 1379 quem
1508 1292 1908 1382 opponimus
1947 1285 2243 1378 Distantiae„
2299 1294 2469 1383 Qae
2506 1292 2681 1356 enim
2713 1283 2772 1357 se

349 1409 648 1485 tangunt,
668 1390 838 1455 inter
860 1410 937 1456 ea
959 1382 1122 1454 nihil
1143 1388 1421 1450 omnino
1446 1385 1905 1478 interponitur,
1922 1380 2091 1450 adeo
2114 1406 2183 1452 ut
2203 1388 2540 1454 contactus
2562 1390 2774 1456 omnis

346 1487 705 1559 immediatus
731 1480 831 1551 fit.

454 1592 572 1649 66.
624 1585 943 1649 Praeterea
969 1600 1208 1676 corpus
1230 1571 1419 1648 fiturn
1445 1572 1624 1647 suum
1648 1598 1997 1658 autmutat
2015 1600 2125 1650 aut
2142 1574 2367 1665 servat,
2391 1580 2561 1657 unde
2580 1595 2769 1655 Motus

355 1686 498 1779 ejus
530 1698 640 1747 aut
670 1683 876 1774 Qies.

453 1788 570 1864 67.
625 1772 929 1848 Eundem
951 1775 1294 1847 verointer
1314 1774 1668 1847 ambientia
1699 1772 1889 1848 ficum
1923 1773 2298 1852 asservando
2328 1835 2346 1862 ,
2406 1777 2593 1853 facile
2618 1808 2768 1854 curn
2803 1849 2806 1852 ,

349 1885 427 1951 iis
448 1884 517 1948 in
538 1900 743 1948 unum
772 1873 978 1948 rursus
1006 1877 1164 1957 coit,
1185 1875 1371 1972 quod
1394 1873 1598 1975 ipsum
1618 1880 1963 1947 continuum
1985 1878 2368 1975 apPellatur.

448 1984 565 2047 68.
617 1979 822 2049 Sicuti
859 1996 1006 2047 ante
1031 1997 1330 2062 motum,
1370 1972 1596 2073 quoad
1625 1971 1894 2065 indivisa
1935 1999 2076 2047 tota
2105 1973 2428 2077 spectatur
2464 1984 2761 2061 materia,

343 2071 1112 2151 universumextenfione
1152 2083 1610 2148 continuatum
1645 2073 1955 2148 duntaxat
1975 2100 2176 2148 unum
2213 2085 2433 2149 animo
2470 2085 2762 2180 concipi-

339 2204 504 2251 mus.v
788 2188 791 2191 ’
966 2176 975 2187 ’

445 2289 562 2364 69.
616 2293 780 2372 Locus
798 2274 902 2350 vel
926 2279 1183 2369 Spatium
1201 2277 1285 2349 ab
1312 2284 1412 2359 iis,
1429 2306 1573 2377 quae
1589 2277 1848 2379 prolata
1869 2276 2167 2376 sunt‚ipia
2186 2303 2251 2348 re
2275 2304 2412 2348 non
2430 2275 2756 2351 differunt.

445 2401 564 2462 70.
613 2378 913 2448 Nomina
931 2382 1106 2447 enim
1127 2378 1261 2449 haec
1281 2377 1440 2449 nihil
1473 2378 1651 2450 aliud
1674 2378 1968 2451 indicant
1994 2401 2068 2448 ac
2088 2402 2206 2448 cor
2241 2384 2382 2464 „oris
2400 2428 2422 2461 ‚
2443 2377 2635 2474 quod
2654 2376 2759 2448 lo-

344 2500 433 2546 co
463 2472 836 2572 intelligitur
858 2480 1216 2560 contineri,
1248 2480 1418 2547 inter
1447 2477 1571 2547 alia
1586 2503 1871 2576 corpora
1897 2481 2186 2576 magniru
2238 2484 2448 2556 inem,
2480 2477 2757 2576 figuram

348 2581 422 2646 ὃ(
457 2567 673 2642 fitum.

448 2695 490 2756 7
510 2696 568 2739 ι.
618 2664 1048 2768 Defignamus
1094 2683 1314 2739 autem
1347 2673 1436 2739 rei
1487 2664 1790 2763 cujusque
1824 2669 2051 2739 locum
2101 2666 2506 2764 respiciendo
2540 2671 2644 2739 vel
2678 2669 2764 2740 ad

344 2793 633 2869 corpor-a
654 2790 986 2866 contigua,
1008 2765 1078 2836 id
1096 2767 1206 2844 est,
1233 2765 1531 2867 proxime
1554 2764 1911 2836 ambientia
1932 2773 2002 2838 &
2023 2763 2240 2836 affinia
2260 2795 2280 2850 3

443 2896 486 2958 7
501 2894 565 2940 2.
619 2873 726 2940 sic
750 2871 967 2938 omnis
997 2870 1292 2965 corporis
1321 2865 1547 2957 (veluti
1569 2864 1840 2948 arboris,
1860 2872 2038 2962 cujus
2054 2863 2305 2936 radices
2324 2859 2760 2945 tenure-‚trun-

344 2973 680 3067 cusaquis,
708 2971 870 3064 rami
890 2968 1035 3043 a‘e‘re
1060 2964 1448 3038 circumdati
1483 2961 1655 3059 sunt)
1687 2970 1830 3038 locus
1859 2969 2043 3038 totalis
2061 3017 2084 3052 ,
2109 2967 2395 3063 proximus
2424 2965 2755 3059 &proprius

344 3075 573 3142 unicus
601 3068 725 3140 est,
2521 3099 2536 3118 ·

437 3195 480 3256 7
498 3196 557 3261 3.
584 3164 732 3252 ⁸Vel
752 3164 837 3237 ad
859 3193 1138 3266 corpora
1161 3188 1420 3238 remota
1441 3210 1463 3241 2
1499 3191 1645 3237 non·
1671 3163 1885 3239 affinia
1909 3222 1925 3249 .

435 3291 557 3356 74.
584 3335 591 3342 ,
731 3293 922 3338 orum
943 3270 1216 3340 varietas
1244 3266 1397 3338 cum
1418 3260 1491 3336 fit
1519 3289 1756 3367 magna
1773 3320 1793 3352 ,
1813 3267 2106 3338 distantia
2136 3270 2376 3366 pariter
2403 3288 2576 3337 nunc
2602 3262 2751 3336 lon-

335 3392 490 3468 gior
514 3390 686 3436 nunc
755 3392 997 3448 remor,
2635 3445 2640 3450 ,

438 3491 564 3560 75.
614 3467 753 3540 uni
771 3471 863 3537 rei
883 3471 1089 3540 varius
1110 3464 1297 3536 locus
1313 3462 1585 3536 adscribi
1604 3460 1839 3561 potest.
1885 3466 1990 3535 Sic
2009 3487 2290 3559 pomum
2316 3461 2477 3535 dicis
2506 3458 2627 3533 effe
2647 3487 2752 3532 re-

334 3564 620 3666 pofitum
647 3570 715 3637 in
732 3561 942 3650 sacco,
962 3566 1124 3637 cella
1139 3608 1159 3640 2
1182 3562 1605 3640 domomrbe
1626 3558 1730 3633 vel
1755 3558 1907 3630 alibi
1937 3562 2269 3634 locorum.

436 3676 557 3752 76.
607 3663 1169 3766 Respestuitaque
1192 3661 1280 3733 ad
1310 3658 1550 3734 diversa
1571 3656 1803 3731 habito
1826 3687 1961 3730 rem
1998 3661 2273 3731 eandem
2305 3658 2545 3731 eodem
2576 3681 2748 3731 tem-

383 3789 497 3839 ore
518 3760 744 3838 locum
765 3787 1013 3838 mutate
1032 3771 1103 3838 ὃ(
1121 3785 1261 3835 non
1278 3786 1529 3835 mutate
1553 3764 1683 3832 ais:
1713 3757 1893 3830 verbi
1912 3760 2134 3857 gratia,
2152 3765 2219 3829 in
2241 3755 2399 3830 urbe
2419 3755 2750 3848 obambu-

334 3791 471 3940 fan's
490 3863 740 3953 locum,
762 3860 813 3936 fi
828 3861 992 3938 illius
1007 3887 1221 3962 partes
1242 3859 1517 3965 respicis,
1535 3882 1767 3945 mutas3
1799 3881 1867 3932 at
1883 3858 2108 3938 locum
2129 3884 2266 3937 non
2284 3854 2750 3956 mutaS,quoad

335 3965 486 4042 iude
502 3963 908 4071 pedemnon
928 3962 1248 4040 extuleris.

352 4111 359 4114 ,
458 4085 467 4090 ·
642 4107 649 4112 -
798 4097 808 4108 ·
1684 4063 1752 4158 Aj
1805 4087 1835 4158 3
2213 4121 2216 4128 ·
2438 4077 2556 4147 77·
2582 4061 2762 4143 Qae
