3391 4418
1007 147 2278 239 Courna'crA.
2750 167 2890 273 35·

477 262 483 267 ’
518 289 611 361 47
621 272 683 339 6.
739 261 921 355 Nam
942 284 1089 334 ante
1110 258 1535 362 globulorum
1556 262 2035 367 perfectionem
2069 260 2572 347 tenuiffima‘illa
2591 292 2855 353 ramen-

422 388 492 440 ta
512 365 894 439 exstiterunt.

520 490 685 561 477.
720 467 1089 537 ¹Materiam
1107 466 1265 536 vero
1291 464 1521 561 secundi
1535 470 1800 539 elementi
1838 465 2511 571 vocamus‘ipfiffimos
2542 472 2698 547 illos
2728 472 2850 548 de.

420 561 619 636 finitae
630 570 954 665 parvitatis
967 562 1282 665 globulos
1296 564 1590 651 celeriter
1608 566 1973 667 propulsos·

515 671 675 762 478.
726 666 976 763 Definitae
1000 668 1302 758 parvitatis
1339 663 1655 765 globulos
1679 675 1816 743 aio,
1839 675 1992 767 quia
2020 694 2098 742 ex
2120 673 2332 769 prima
2363 670 2680 747 divisione
2692 695 2848 747 ma-

419 769 587 839 teriae
610 761 907 839 fabricati
924 760 1089 850 sunt,
1111 767 1163 866 §
1187 787 1276 861 45
1293 790 1360 853 9.
1378 761 1558 865 seqq.
1587 768 2007 869 integerrima
2022 765 2239 840 forma
2267 822 2289 856 ‚
2327 771 2492 845 adeo
2516 795 2589 846 ut
2620 800 2837 873 neque

412 863 610 937 adimi
630 889 843 965 neque
867 863 1026 937 addi
1056 870 1410 964 quicquam
1430 865 1648 966 poffit.
1703 873 1962 941 Etenim
1983 895 2309 969 potorum
2324 926 2345 953 ‚
2361 871 2630 967 quibus
2659 872 2837 949 fran-

408 990 663 1067 gantur,
689 964 854 1039 nihil
872 963 1120 1037 habent
1150 967 1204 1065 §
1236 987 1325 1065 33
1348 973 1425 1037 2:
1448 964 1580 1065 seq.
1615 997 1646 1066 3
1668 995 1778 1062 50.
1835 968 2101 1042 Deinde
2129 995 2559 1067 nequaquam
2582 998 2659 1044 ex
2677 974 2826 1067 aliis

390 1064 742 1169 ,particulis
770 1064 833 1137 'se
858 1064 1230 1165 prioribus,
1278 1092 1360 1137 ne
1397 1068 1667 1164 quidem
1705 1073 1991 1146 minimis
2009 1091 2039 1158 ‚·
2073 1075 2144 1139 in
2181 1094 2339 1166 quas
2372 1065 2583 1138 rursus
2606 1072 2834 1144 natura·

407 1165 662 1242 dissolvi
698 1189 993 1266 queant,
1033 1170 1351 1237 coarctati
1390 1164 1591 1238 fuere.
1662 1168 1978 1241 Przeterea
2009 1165 2253 1240 affaer
2286 1164 2622 1237 rotundati
2651 1167 2831 1250 sunt.

341 1280 345 1285 ’
404 1267 576 1340 adeo
613 1289 691 1338 ut
719 1266 1105 1337 ulteriorem
1136 1259 1423 1337 rasuram
1452 1289 1592 1334 non
1621 1265 1974 1337 admittant
2002 1322 2020 1348 ‚
2077 1272 2231 1360 quia
2269 1268 2673 1335 extremitate
2722 1265 2835 1336 su&

406 1362 611 1462 asperi
640 1362 763 1433 effe
778 1358 1123 1434 desierunt.
1146 1364 1207 1438 §-
1233 1384 1400 1459 307.
1453 1365 1618 1431 Sunt
1631 1366 1828 1457 igitur
1841 1368 2268 1432 minimorum
2291 1359 2677 1432 naturalium
2697 1369 2834 1463 pri-

402 1486 544 1531 rna.
607 1511 626 1530 .
702 1483 747 1529 o
810 1512 828 1530 .

512 1461 605 1646 43
619 1488 699 1643 9?
735 1484 1033 1626 {Aueria
1068 1552 1228 1625 tertii
1258 1553 1529 1631 elementia
1555 1550 1754 1625 nobis
1785 1575 2057 1628 vocatur
2092 1582 2168 1628 ea
2199 1600 2222 1637 ‚
2281 1580 2425 1654 quae
2459 1554 2712 1628 constat
2750 1581 2828 1630 ex

337 1708 349 1720 ,
416 1653 713 1758 partibus
731 1649 1148 1726 craffioribus
1167 1708 1188 1737 ,
1225 1651 1566 1754 angulati&
1603 1658 1857 1727 moveri
1868 1680 2101 1753 parum
2124 1659 2312 1755 aptis.

509 1763 686 1848 480.
739 1754 924 1829 Cum
960 1758 1132 1823 enim
1179 1758 1350 1824 inter
1382 1749 1698 1852 globulos
1726 1780 1806 1825 ex
1843 1752 2138 1854 pluribus
2180 1751 2316 1827 fere
2362 1760 2672 1828 ramentis
2707 1783 2829 1829 co-

409 1860 797 1956 agmentatis
837 1875 1028 1925 enata
1062 1858 1502 1954 concipiatur,
1544 1852 1853 1926 ordinem
1891 1854 2072 1925 hunc
2099 1854 2266 1927 finit.
2318 1855 2468 1924 Nec
2490 1857 2824 1955 immerito

401 1961 606 2055 quieti
624 1978 850 2028 motus
868 2000 893 2032 ‚
932 1954 1245 2054 angulatis
1259 1950 1543 2025 rotunda
1559 1975 2076 2056 anteponuntur.

493 2060 586 2152 48
603 2080 657 2130 ι.
722 2060 1085 2131 Materiam
1102 2051 1478 2154 hujusmodi
1505 2059 1573 2126 in
1594 2051 1922 2130 Universo
1938 2053 2199 2126 existere
2216 2077 2421 2125 nemo
2439 2052 2593 2153 post
2609 2049 2825 2152 inspe-

393 2158 570 2228 &am
608 2180 972 2257 corporum
1009 2155 1399 2229 terrestrium
1431 2150 1751 2228 fabricam
1789 2150 2227 2240 diffitebitur3
2271 2155 2574 2252 quamvis
2601 2156 2669 2223 in
2701 2149 2824 2223 de-

395 2256 865 2354 monstratione
892 2255 1220 2357 bipartita:
1253 2260 1490 2356 prioris
1506 2262 1792 2330 materiae
1811 2309 1834 2343 ,
1873 2280 2076 2355 quam
2097 2250 2656 2354 Philosophorum
2676 2250 2822 2327 vul·-

397 2380 518 2457 gus
531 2359 809 2452 ignorat,
825 2362 1042 2454 major
1056 2355 1385 2428 evidentia
1403 2353 1571 2431 infit.
2569 2359 2572 2364 ’

495 2460 663 2548 482.
706 2458 916 2551 Atqui
938 2455 1246 2525 elementi
1273 2453 1472 2551 hujus
1511 2447 1828 2555 tripartiti
1851 2458 2194 2527 materiam
2227 2452 2404 2538 dari,
2436 2477 2577 2523 non
2611 2446 2828 2522 solum

402 2548 670 2623 extensae
702 2576 821 2649 per
850 2575 1074 2623 totum
1110 2549 1504 2625 Universum
1535 2580 1873 2652 corporea:
1907 2553 2106 2625 molis
2138 2557 2352 2651 prima
2383 2549 2614 2624 divifio
2646 2603 2664 2628 .
2713 2546 2826 2619 sed

398 2658 470 2723 &
486 2654 808 2749 praecipua
839 2646 1243 2749 aspectabilis
1262 2650 1493 2721 mundi
1518 2658 1589 2722 in
1602 2673 1816 2749 partes
1835 2655 2227 2748 integrantes
2249 2648 2616 2719 distributio
2631 2648 2820 2719 locu-

384 2750 533 2852 ples
548 2750 721 2822 testis
737 2746 847 2820 est.
869 2751 1110 2847 §.428.
1133 2744 1317 2846 seqq.
2790 2783 2794 2789 ·

487 2858 656 2947 483.
703 2853 1060 2921 Enimvero
1097 2851 1418 2946 quoniam
1457 2850 1575 2920 tria
1649 2871 1840 2918 encra
1873 2870 1958 2916 co
2039 2867 2234 2919 orum
2257 2843 2447 2918 valde
2479 2839 2721 2919 diversa
2744 2847 2814 2918 in

396 2948 651 3022 mundo
668 2945 903 3023 vifibili
932 2955 1379 3049 reperiuntur,
1400 2873 1830 3020 velutiffucida
1847 2996 1869 3031 ‚
1898 2871 2243 3046 perllucida,
2269 2948 2573 3020 &lucem
2593 2951 2817 3019 remit-

318 3095 326 3102 ·
398 3057 633 3126 tentia,
667 3057 804 3120 non
843 3054 1027 3145 quita
1051 3043 1249 3119 fucrit
1282 3073 1514 3120 eorum
1545 3045 1943 3148 compositio
1978 3073 2119 3117 non
2149 3046 2385 3119 fieriex
2405 3044 2692 3118 totidem
2712 3042 2818 3115 di*-

318 3139 325 3150 ’
394 3152 635 3223 stinffis
656 3149 998 3236 elementis
1018 3148 1119 3220 vel
1134 3146 1453 3248 partibu3‚
1467 3146 1665 3247 iisque
1682 3150 2017 3247 proximis.
2269 3231 2276 3239 ·

366 3296 375 3300 ·
493 3258 663 3346 484.
714 3246 883 3320 Illud
904 3301 925 3333 ,
950 3252 1251 3342 proximis,
1292 3246 1585 3344 adjunxi,
1613 3252 1768 3345 quia
1786 3269 1862 3315 ex
1889 3247 2103 3340 prima
2125 3294 2146 3325 ‚
2178 3244 2236 3318 §-
2267 3245 2388 3331 48.
2424 3239 2533 3315 sed
2553 3258 2816 3316 remota

392 3356 664 3421 materia
696 3354 918 3419 omnia
956 3349 1242 3420 construi
1287 3371 1427 3418 non
1482 3348 1574 3418 est
1608 3342 1799 3443 quod
1836 3337 2228 3441 ambigatur.
2278 3345 2385 3413 Sic
2418 3338 2814 3414 diversarum

388 3448 762 3552 plantarum
797 3445 1034 3522 diversa
1065 3447 1342 3528 semina,
1397 3443 1646 3517 etiamst
1674 3445 1715 3513 εὶ
1744 3437 2009 3514 Tellure
2028 3484 2054 3520 ,
2083 3464 2157 3514 ut
2187 3446 2527 3515 communi
2561 3461 2769 3509 matre
2790 3488 2813 3524 ,

382 3554 703 3652 progigni
725 3573 953 3622 omnes
968 3548 1333 3623 videantur.
2032 3534 2047 3554 ⁹
2571 3543 2589 3556 '
2766 3540 2769 3543 ⁴

489 3656 661 3747 485.
716 3647 961 3728 Adhaec
992 3646 1349 3720 intellectus
1358 3638 1547 3712 facile
1574 3639 1700 3726 est,
1755 3639 1865 3739 qui
1891 3639 2208 3741 ejusmodi
2247 3638 2573 3739 particulae
2611 3633 2816 3709 visum

390 3754 689 3825 nostrum
715 3747 1036 3917 fupientes
1051 3744 1327 3822 vifibilia
1348 3739 1578 3813 mundi
1599 3765 1879 3842 corpora
1900 3743 2304 3814 constituant.
2339 3738 2555 3834 Quod
2583 3740 2727 3827 §.41
2753 3760 2814 3823 3.

393 3847 759 3953 expolitum
823 3853 942 3920 uit.
2117 3897 2120 3900 Α
2771 3929 2782 3939 ⁶

485 3959 576 4050 48
589 3960 658 4022 6.
707 3953 1055 4052 Qoniam
1088 3947 1245 4019 vero
1283 3941 1422 4019 Soli
1452 3949 1523 4015 δε
1565 3943 2054 4018 Fixisnaturam
2084 3943 2365 4015 flammae
2388 3939 2552 4007 citra
2577 3945 2815 4004 erroris

1833 4041 1983 4113 Ε).
2140 4095 2151 4106 .
2671 4038 2810 4086 me-
