3391 4418
584 137 746 245 468
1064 124 1999 214 Coxroxrszr
2076 111 2553 199 Aurum

643 268 760 326 ote
778 291 803 327 ‚
833 266 976 345 quo
999 244 1229 317 ‘animo
1265 247 1574 337 jungatur
1594 288 1612 315 ,
1646 227 1763 302 nifi
1800 250 2043 301 motus.
2092 219 2405 296 Motibus
2427 222 2585 295 vero
2609 223 3040 329 corpor-iste:

567 282 922 454 'Ppondent
953 348 1189 416 animae
1225 363 1309 410 co
1358 343 1700 420 itationes3
1742 354 2025 428 cumque
2058 326 2278 398 anima
2312 322 2546 415 natura
2580 321 2689 399 sua
2711 331 2900 401 actus
2916 322 2998 403 fit
3017 382 3049 418 ,

604 448 772 527 nihil
789 454 860 520 in
889 471 967 518 ea
994 448 1174 548 prius
1191 365 1450 513 ackiffius
1474 438 1563 507 est
1589 432 2039 534 quaerendum.
2462 516 2468 521 η
3079 504 3091 516 ⁸

706 579 784 651 9.
829 545 966 623 sed
984 549 1252 620 unicum
1281 538 1416 611 hoc
1435 554 1892 638 argumentum
1913 526 2178 602 abunde
2203 522 2585 599 seutentiam
2605 528 2902 601 nostram
2936 529 3057 603 fir.

609 677 750 728 mat
763 705 788 740 ,
827 647 1016 748 quod
1035 649 1257 720 omnia
1274 665 1385 712 aut
1411 634 1633 710 {altem
1655 640 1870 737 prima
1894 641 1965 706 δε
1982 629 2317 733 potiffima
2343 626 2430 699 ad
2450 635 2693 701 mentis
2714 652 2872 703 cum
2893 654 3060 702 cor-

609 778 778 859 pore
814 750 1357 847 conjunctionem
1389 743 1780 842 pertinentia
1801 788 1824 821 ,
1860 759 2003 833 quae
2029 732 2482 831 explicuimuS,
2518 729 3061 824 demonstrentur

618 840 942 952 tanquam*
982 873 1060 919 ex
1117 848 1346 915 animae
1376 843 1721 940 cogitantis
1758 846 1828 910 &
1870 838 2165 934 corporis
2192 827 2487 931 organici
2510 827 2789 902 mobilis
2822 852 3061 903 natura

624 949 959 1057 proxime,
1002 955 1073 1020 &
1097 942 1281 1017 nullo
1298 939 1742 1012 intercedente
1765 934 2035 1012 medio,
2069 933 2356 1017 fluentia.

738 1078 851 1123 ro.
897 1054 963 1122 Si
984 1049 1132 1143 quis
1150 1040 1508 1122 obtendat,
1547 1038 1809 1109 existere
1840 1031 2089 1134 aliquid
2118 1037 2187 1103 in
2212 1030 2334 1103 hac
2358 1032 2827 1125 conjunctione
2842 1029 3056 1130 prius,

629 1151 738 1226 sed
763 1148 953 1250 quod
983 1171 1139 1218 cum
1172 1139 1471 1243 expofitis
1490 1143 1530 1211 a
1556 1136 1749 1211 nobis
1780 1133 2156 1208 actionibus
2175 1142 2246 1207 δε
2266 1131 2786 1234 proprietatibus
2813 1155 2947 1203 non
2972 1126 3057 1202 fit

628 1250 978 1327 necessario
1010 1269 1378 1319 connexum
1403 1295 1427 1326 ‚
1460 1265 1585 1312 nec
1611 1235 1764 1310 fons
1783 1246 1852 1310 δε
1918 1234 2257 1333 rincipium
2276 1258 2498 1305 earum
2526 1229 2770 1305 debeat
2791 1228 3054 1303 haberi:

632 1345 1215 1454 respondeo,hanc
1236 1347 1625 1444 opinionem
1650 1263 2040 1410 naturazium
2061 1339 2539 1434 proprietatum
2561 1325 3070 1432 veritatiipfius-

635 1480 771 1554 que
815 1473 1057 1522 naturae
1092 1445 1467 1519 definitioni
1507 1438 1764 1541 prorsus
1787 1433 2123 1511 adversari.
2172 1433 2526 1508 Naturales
2554 1437 2735 1505 enim
2753 1432 3066 1530 cujusque

636 1555 729 1626 rei
749 1556 1182 1654 proprietates
1203 1570 1439 1617 nexum
1456 1548 1623 1614 inter
1640 1538 1697 1611 se
1715 1535 2324 1624 habent‚&Natura
2341 1530 2867 1634 definitur‚quod
2879 1537 3072 1634 prin-

641 1660 886 1755 cipium
929 1659 1001 1723 δε
1037 1648 1212 1720 radix
1228 1646 1303 1718 fit
1323 1648 1666 1718 actionum
1691 1650 1762 1714 &
1787 1641 2265 1740 proprietatum
2287 1691 2310 1724 ,
2350 1650 2493 1736 quae
2515 1639 2611 1707 rei
2633 1639 3068 1708 conveniunt.

750 1782 779 1828 1
801 1780 826 1826 1
843 1805 862 1826 .
916 1758 1264 1849 Qantum
1283 1747 1368 1819 ad
1388 1742 1804 1842 objectiones
1821 1745 2016 1811 initio
2038 1740 2263 1835 capitis
2284 1735 2475 1831 hujus
2490 1734 2780 1836 prolatas
2800 1738 3071 1815 attinet,

643 1877 946 1949 mentem⁸
976 1876 1114 1923 non
1154 1847 1333 1950 poss'e
1369 1842 1617 1917 alicubi
1650 1841 1773 1914 effe
1809 1840 1922 1911 nili
1954 1833 2216 1939 agendo
2247 1844 2318 1909 δε
2402 1834 2672 1909 atiendo
2707 1832 2848 1908 {atis
2877 1857 3077 1906 antea

647 1952 1169 2027 demonstratum
1190 1948 1303 2017 est.
1341 1951 1415 2014 In
1434 1947 1749 2041 conjugio
1770 1944 2075 2038 praecedit
2095 1863 2436 2027 consenga
2456 1934 2955 2010 matrimonialis
2973 1957 3082 2005 re·

648 2053 829 2151 liqua
861 2046 1077 2119 officia
1094 2088 1117 2119 ‚
1158 2042 1394 2139 quibus
1425 2040 1806 2138 conjugium
1821 2039 2072 2121 constat
2093 2045 2164 2109 &
2188 2034 2635 2119 conservaturr
2662 2034 2775 2106 sed
2796 2031 3083 2107 const-n-

650 2150 750 2224 sus
783 2144 912 2246 ipse
945 2146 1126 2213 aetus
1146 2142 1258 2213 est.
1331 2137 1726 2238 Eodemque
1749 2135 1960 2212 modo
1982 2162 2120 2209 non
2143 2134 2257 2208 nifi
2277 2141 2449 2211 actus
2464 2133 2604 2208 sunt
2621 2187 2644 2222 ,
2723 2130 2913 2204 uibus
2937 2127 3083 2203 foe-·

655 2249 777 2323 dus
826 2254 897 2318 δε
937 2245 1224 2316 amicitia
1256 2248 1425 2314 inter
1451 2238 1760 2313 homines
1800 2238 2303 2312 contrahuntur.
2387 2236 2628 2337 Neque
2653 2158 2829 2306 azad
2862 2232 3087 2332 quim

656 2351 836 2423 aetus
864 2366 1135 2416 mutuos
1164 2350 1233 2417 in
1270 2345 1574 2443 corporis
1610 2350 1682 2418 &
1715 2346 1942 2415 animae
1975 2343 2451 2436 conjunctione
2488 2332 2913 2437 quarendum
2952 2329 3085 2407 effe

664 2444 1153 2525 contendimus·

1465 2577 1546 2730 r:
1610 2665 1668 2721 A
1735 2670 1805 2726 ι».
1917 2639 2262 2730 Lx1x.

804 2784 1137 2898 Defensio
1154 2786 1374 2870 totius·
1391 2785 1477 2865 de
1493 2763 1802 2895 corporis
1821 2784 1913 2880 ό·
1930 2791 2160 2867 animi
2179 2790 2664 2893 conjunb'h'one
2673 2787 2950 2869 trada-

971 2913 974 2916 ’
1075 2903 1296 2980 tionis
1327 2903 1565 3009 nostra
1585 2965 1606 2998 ,
1659 2923 2011 3011 quantum
2027 2901 2127 2981 ad
2139 2908 2688 3014 comparationes

954 3065 960 3073 ·
1387 3015 1431 3095 A
1460 3007 1668 3096 rebus
1688 3010 2370 3131 moralibuspetitas.

680 3214 739 3259 1.
777 3196 887 3354 S
909 3184 1015 3258 Ed
1051 3209 1242 3260 erunt
1269 3192 1380 3287 qui
1415 3185 1797 3276 obducant,
1831 3188 2022 3289 quod
2056 3187 2357 3264 vitiosum
2392 3191 2480 3264 de
2520 3217 2761 3294 genere
2790 3192 2860 3262 in
2883 3214 3096 3293 genus

912 3283 1243 3358 transitum
1279 3285 1836 3377 commiserimus,
1868 3288 2091 3363 saltem
2126 3291 2179 3363 εὶ·
2204 3297 2501 3366 terminis
2524 3289 2799 3394 physicis
2824 3290 3097 3392 longius

669 3387 874 3489 quam
906 3399 1026 3491 p'ar
1054 3386 1146 3456 est
1178 3393 1425 3490 evagati
1457 3385 1772 3462 fuerimus
1791 3441 1816 3474 ,
1847 3395 1914 3462 in
1941 3414 2082 3463 tota
2103 3390 2538 3493 explicatione
2565 3394 2782 3466 nostra
2810 3415 2917 3465 tot
2936 3386 3099 3461 affe-

669 3486 886 3560 rendo
923 3494 1450 3589 comparationes
1481 3488 1520 3561 a
1559 3487 1754 3561 rebus
1791 3514 1926 3562 non
1968 3489 2282 3591 physicis,
2316 3490 2661 3595 praesertim
2685 3492 2723 3565 a
2746 3496 3093 3573 matrimo-

671 3592 790 3661 nio
805 3583 1111 3667 ‚foedere
1136 3641 1174 3677 „
1194 3591 1487 3660 amicitia
1509 3587 1766 3688 aliisque
1786 3588 1978 3663 rebus
1996 3590 2354 3666 moralibus
2370 3592 2719 3667 desumtas.
3050 3593 3063 3605 ⁴

744 3714 842 3799 ⁸2..
895 3687 1206 3794 Addent,
1256 3690 1359 3762 vel
1391 3685 1525 3762 hoc
1557 3695 1832 3762 nomine
1867 3695 2397 3792 comparationes
2428 3694 2644 3766 istasa
2682 3718 2754 3765 re
2787 3688 3093 3794 praesente

675 3782 916 3899 ahenas
947 3787 1150 3858 videri
1169 3841 1191 3874 ‚
1220 3788 1410 3888 quod
1448 3792 1690 3863 Homo
1729 3788 1808 3862 fit
1830 3816 1941 3864 ens
1969 3819 2089 3893 per
2112 3789 2170 3864 se
2208 3819 2414 3866 unum
2435 3848 2459 3880 ,
2495 3800 2804 3894 conjugia
2825 3796 2981 3866 vero
3018 3800 3096 3866 δε

675 3879 906 3952 finuha
930 3885 1297 3999 compofita
1329 3888 1574 3963 faciant
1604 3914 1810 3962 unum
1841 3917 1961 3991 per
1976 3893 2317 3977 accidens3
2361 3894 2534 3968 adeo
2557 3920 2630 3968 ut
2649 3890 2977 3993 ejusmodi
2995 3919 3098 3965 re-

673 4006 820 4054 rum
851 3980 993 4051 laxa
1014 4004 1220 4055 unitas
1241 3996 1632 4083 corporis&
1651 3994 1884 4098 anima
1900 3991 2183 4070 strictam
2206 3999 2272 4067 in
2294 3999 2596 4074 Homine
2614 3999 2936 4072 unionem
2958 4017 3103 4068 non

533 4067 548 4076 ⁸
664 4078 864 4179 poffit
880 4079 1170 4157 multum
1199 4080 1528 4161 illustrare.
2859 4127 2932 4199 3,
2957 4099 3104 4172 Re..
