3391 4418
984 133 1046 215 P
1104 160 1169 220 H
1230 162 1285 220 Y
1359 162 1394 219 s
1452 147 1487 222 '1
1553 165 1601 220 c
1662 164 1718 223 A
1829 134 2314 229 XXXIII.
2687 166 2839 254 263

390 284 539 334 tum
577 250 764 326 suum
799 249 1049 323 varium
1072 271 1206 320 tam
1227 248 1430 323 libere
1450 253 1837 325 continuare
1858 257 1930 327 iu¹
1949 245 2197 325 eodem
2213 253 2375 326 loco
2394 277 2532 325 non
2549 255 2796 353 poffint
2811 312 2839 349 ,

396 360 602 459 quam
627 374 923 451 tempore
945 348 1329 448 tranquillo.
1379 357 1445 446 Si
1467 352 1665 426 crasso
1680 356 1838 426 licet
1852 354 2156 454 exemplo
2182 361 2313 436 uti,
2336 354 2627 428 dicemus
2646 402 2668 438 ‚
2692 384 2828 434 tem

396 457 585 532 sunili
608 453 742 527 fere
766 450 974 524 modo
995 448 1055 522 se
1074 450 1318 523 habere
1340 458 1406 523 in
1430 480 1618 532 nave,
1636 456 1705 526 in
1724 481 1850 553 qua
1869 461 2058 556 pueri
2078 457 2415 555 multaque
2438 455 2560 527 alia
2582 464 2831 530 anima-

396 561 486 631 lia
521 556 694 633 varie
726 561 890 627 inter
924 549 980 623 se
1000 550 1403 625 discurrunt:
1440 563 1551 655 qui
1570 552 1876 627 discursus
1896 561 2055 627 iniis
2074 554 2370 629 turbatur
2392 578 2590 655 atque
2611 563 2825 657 impe-

318 663 327 666 ’
397 661 609 745 ditur,
643 656 799 728 dum
834 679 1063 729 ventus
1089 679 1300 728 totam
1320 680 1555 729 navem
1582 652 1939 729 fimulcum
1964 655 2275 731 omnibus
2289 657 2412 731 illis
2433 657 2823 731 animalibus

395 768 465 833 in
485 785 673 830 unam
684 778 939 857 partem
962 764 1151 856 rapit.
1209 754 1639 831 Colliduntur
1657 762 1836 830 enim
1856 757 1958 829 vel
1980 782 2112 831 tam
2127 782 2337 857 prope
2355 758 2441 831 ad
2457 754 2515 830 {e
2534 763 2821 834 invicem

398 859 713 934 accedunt
736 912 758 944 ,
794 880 868 929 ut
901 856 1080 929 suum
1108 856 1427 956 quodque
1458 858 1698 932 animal
1721 883 1983 933 motum
2004 856 2319 931 &locum
2339 857 2676 961 separatim
2699 856 2819 934 fibi

292 974 303 981 ’
386 966 845 1034 nonretineat.
1098 1001 1105 1006 -
1526 983 1530 987 ·

390 1059 401 1070 “
470 1086 591 1156 47.
652 1059 864 1128 Com.
886 1080 953 1152 p.
973 1079 1087 1148 50.
1138 1059 1434 1154 Qomodo
1449 1062 1565 1154 fiat
1597 1078 1660 1129 ut
1690 1059 1881 1128 eodem
1913 1066 2017 1129 orit
2040 1058 2223 1128 halitu
2244 1056 2315 1132 ἀ·
2327 1056 2502 1148 frigus
2520 1055 2816 1130 &manibus

372 1161 446 1240 ό·
461 1165 709 1232 calorem
733 1154 988 1253 &juscule
1005 1157 1489 1253 (dumsorbendum
1505 1158 1600 1254 est)
1614 1160 1947 1252 depellamus
1962 1166 1995 1229 ?
2020 1156 2184 1251 Resp.
2194 1162 2328 1246 quia
2343 1156 2659 1247 utrobique,
2670 1182 2815 1249 aque

373 1264 433 1330 in
449 1265 633 1330 calore
652 1252 937 1346 infrigere
953 1305 973 1337 ,
992 1274 1174 1325 motus
1187 1260 1258 1334 ἀ·
1273 1255 1427 1347 torfio
1450 1258 1523 1352 esi
1539 1302 1561 1338 ‚
1579 1257 1848 1350 quaeflatu
1865 1257 2196 1350 dispellitur.
2249 1255 2312 1325 C
2330 1278 2371 1325 E
2387 1279 2433 1324 n
2458 1278 2487 1323 s
2506 1281 2550 1325 u
2570 1279 2621 1326 n
2645 1282 2695 1327 A
2750 1284 2810 1331 1.

374 1355 634 1457 Frigida
654 1349 984 1452 responfio
1008 1361 1079 1424 δε
1098 1351 1245 1424 salsa
1267 1361 1333 1425 in
1354 1381 1437 1424 eo
1460 1400 1483 1431 ‚
1526 1356 1718 1452 quod
1738 1356 1920 1449 aeque
1938 1364 2006 1424 in
2021 1352 2264 1451 frigore
2285 1377 2481 1450 atque
2504 1361 2570 1424 in
2594 1351 2809 1426 calore

371 1480 638 1527 motum
672 1455 886 1524 statuit
916 1482 932 1524 ε
963 1456 1103 1524 imo
1127 1454 1174 1523 fi
1195 1453 1296 1526 vel
1319 1459 1593 1526 maxime
1613 1454 1752 1524 hoc
1780 1460 1870 1522 ita
1900 1453 2090 1536 effer,
2133 1476 2356 1523 manet
2378 1455 2800 1527 nihilominus

370 1555 639 1654 quaestio
663 1599 684 1632 ,
719 1552 1077 1650 quomodo
1113 1554 1301 1626 flatus
1321 1600 1342 1631 ‚
1387 1559 1500 1652 qui
1529 1556 1619 1625 est
1641 1574 1903 1636 motus,
1943 1550 2146 1652 pellat
2159 1551 2447 1624 calorem
2470 1563 2536 1628 &
2555 1549 2759 1652 frigus
2778 1606 2802 1639 ,

366 1681 512 1754 quae
545 1653 779 1725 itidem
812 1655 1073 1724 motus?
1117 1681 1177 1726 2.
1195 1661 1372 1729 Vera
1408 1652 1588 1726 causa
1609 1679 1685 1725 ex
1701 1658 2000 1754 proxime
2020 1651 2369 1753 antegressa
2387 1651 2544 1725 tbefi
2565 1655 2808 1725 elucet.

370 1758 643 1855 Nempe
680 1755 843 1827 flatu¹
869 1751 1295 1841 vehemente,
1330 1763 1574 1855 quippe
1604 1762 1716 1853 qui
1749 1757 2089 1825 materiam
2126 1777 2396 1826 omnem
2433 1754 2801 1850 versusunam

358 1873 577 1951 partem
604 1855 863 1958 dirigit,
904 1856 979 1928 fit
999 1901 1018 1932 2
1057 1881 1130 1928 ut
1158 1881 1370 1956 partes
1392 1854 1762 1928 subtiliores
1796 1853 1903 1925 stu
1938 1859 2101 1927 a'e'ris
2119 1849 2230 1925 seu
2248 1851 2506 1926 alterius
2519 1852 2797 1950 liquoris

282 2017 290 2022 .
362 1959 773 2052 varie-agitata
817 1963 1015 2050 (nam
1052 1957 1204 2029 inde
1231 1981 1445 2031 totum
1474 1955 1757 2028 calidum
1788 1954 2188 2057 appellatur)
2223 1951 2482 2055 fingulae
2508 1949 2794 2028 seorfirm

356 2063 667 2158 proprios
680 2082 905 2130 motus
920 2057 1121 2130 libere
1145 2085 1437 2132 exercere
1457 2085 1594 2129 non
1614 2054 1881 2160 poffint.
1920 2061 2099 2130 Hinc
2115 2051 2298 2127 calor
2314 2052 2505 2129 fimul
2526 2054 2562 2126 ὲ
2580 2050 2795 2155 justu-

355 2158 429 2229 lo
453 2212 475 2244 ,
509 2158 696 2231 fimul
736 2162 770 2233 ἑ
809 2157 1105 2233 manibus
1138 2186 1211 2231 ex
1263 2159 1479 2233 ellitur
1514 2160 1638 2232 isto
1673 2157 2172 2233 vehementiore
2199 2157 2380 2230 flatu.
2429 2159 2520 2229 At
2535 2153 2788 2228 leniore
2896 2214 2899 2219 .

362 2262 492 2327 oris
506 2254 710 2329 halitu
727 2311 748 2343 ‚
769 2265 881 2356 qui
906 2260 1155 2331 calidus
1173 2303 1195 2335 ‚
1215 2187 1355 2332 {noc
1375 2259 1472 2332 est
1491 2305 1516 2338 ‚
1540 2265 1651 2357 qui
1675 2259 1931 2330 constat
1948 2267 2118 2331 varie
2138 2261 2393 2357 agitatis
2406 2256 2740 2355 particulis
2759 2309 2783 2343 ,

358 2354 662 2425 manibus
682 2359 905 2430 nostris
923 2353 1313 2431 circumfuso
1330 2359 1459 2431 *111ae
1476 2358 1784 2431 calefiunt
1805 2410 1826 2440 ‚
1849 2353 1981 2427 hoc
2004 2358 2120 2440 est,
2139 2355 2493 2429 secundum
2520 2362 2781 2427 tenuio-

360 2475 460 2520 res
474 2447 558 2519 sui
576 2446 788 2550 partes
803 2462 972 2525 varie
993 2462 1219 2553 agitati
1243 2464 1581 2557 incipiunt.
1635 2456 1848 2529 Simili
1869 2478 2222 2551 utrumque
2241 2454 2524 2525 illustro:
2563 2463 2781 2551 Impe-

168 2608 181 2620 .
291 2628 295 2630 V
359 2545 578 2621 tuosus
608 2571 836 2620 ventus
856 2603 878 2635 ‚
911 2576 1124 2623 totam
1157 2554 1463 2627 arboiem
1494 2553 1816 2655 simulque
1838 2579 2057 2623 ramos
2078 2561 2218 2644 ejus
2236 2575 2471 2620 omnes
2493 2555 2560 2618 in
2576 2575 2776 2619 unam

346 2672 587 2752 urgens
604 2670 857 2749 partem
870 2705 888 2731 ‚
908 2648 1079 2719 tollit
1101 2674 1359 2731 motum
1378 2659 1650 2735 varium,
1668 2676 1809 2751 quo
1834 2674 2052 2718 ramos
2065 2646 2347 2744 fingulos
2361 2643 2616 2715 diver-fis
2634 2644 2781 2741 pul·-

351 2746 524 2821 fibus
556 2749 775 2820 lenior
789 2772 942 2819 aura
961 2753 1138 2847 prius
1158 2744 1463 2849 agitabat.
1515 2754 1697 2829 Hinc
1717 2754 1913 2820 etiam
1936 2746 2011 2818 fit
2033 2768 2104 2817 ut
2121 2752 2297 2816 venti
2323 2740 2781 2815 vehementio-

349 2874 451 2921 res
467 2845 717 2948 semper
733 2845 851 2919 sint
870 2842 1262 2950 frigidiores.
1316 2860 1489 2953 Qae
1507 2856 1732 2924 omnia
1754 2846 2218 2920 definitionem
2241 2845 2501 2918 Caloris
2518 2886 2552 2919 ,ἢ
2582 2842 2773 2946 quod

321 2946 426 3022 -fit
446 2975 667 3023 motus
689 2953 1060 3048 exiguarum
1078 2954 1362 3048 partium
1390 2948 1967 3052 vanua-sappum&
1993 2945 2411 3020 confirmant.

360 3068 361 3071 ’
436 3056 560 3145 48.
610 3054 811 3123 Com.
832 3076 897 3148 p.
926 3075 957 3143 5
977 3076 1041 3144 5.
1083 3062 1204 3119 Cur
1237 3051 1415 3147 astate
1446 3078 1633 3125 carnes
1658 3056 1832 3123 cruda
1866 3052 1940 3128 (θ’
1967 3053 2123 3124 alia,
2149 3044 2332 3138 facile
2354 3043 2677 3137 putrescant
2697 3043 2771 3119 όν

344 3154 660 3220 terminent
678 3203 700 3235 ,
723 3171 836 3218 non
867 3142 1007 3220 item
1045 3152 1220 3221 hieme
1235 3160 1267 3223 ,ἒ
1300 3152 1457 3247 Resp.
1484 3157 1620 3245 quia
1647 3149 1853 3244 aessivus
1871 3152 2025 3219 calor
2045 3169 2266 3219 omnem
2285 3147 2595 3217 materiam
2602 3141 2796 3236 ῥῖνές·

345 3247 420 3324 ἴθ’
453 3252 639 3339 liquat
667 3269 838 3338 eoque
842 3252 1071 3346 spiritui
1090 3251 1301 3339 reliquo
1320 3256 1562 3322 animali
1581 3274 1725 3322 nova
1740 3247 2056 3343 corpuscula
2094 3247 2224 3339 (fibi
2241 3244 2602 3334 habitacula)
2641 3264 2769 3312 mo·-

341 3347 520 3416 liendt'
556 3347 880 3442 occasionem
918 3350 1042 3419 dat.
1094 3353 1284 3442 Frigus
1317 3350 1348 3418 ε’
1377 3371 1572 3420 contra
1590 3354 1732 3440 ligat
1751 3350 2059 3420 materiam
2076 3399 2097 3432 ‚
2133 3348 2279 3430 &in
2291 3368 2362 3417 ea
2364 3344 2626 3439 spiritum
2649 3392 2671 3424 ,
2702 3359 2768 3410 ut

344 3447 491 3515 nihil
528 3450 747 3537 operari
780 3467 974 3536 queat.
1025 3450 1088 3521 C
1108 3472 1147 3517 E
1165 3472 1215 3518 u
1239 3474 1268 3519 s
1294 3475 1336 3519 u
1358 3474 1402 3523 R
1430 3477 1481 3521 A
1506 3475 1522 3519 z
1566 3449 1611 3519 fi
1635 3443 1832 3547 frigus
1855 3448 2012 3545 ligat
2026 3449 2365 3517 materiam
2387 3485 2412 3518 2
2456 3438 2500 3509 fi
2517 3438 2676 3537 ligat
2692 3443 2782 3510 in.

342 3568 417 3614 ea
439 3539 728 3644 spiritum
750 3594 772 3626 ‚
798 3543 964 3614 nihil
990 3570 1062 3617 ut
1083 3554 1334 3645 operari
1355 3572 1585 3652 queat,
1620 3552 1850 3648 utique
1867 3568 2094 3619 natura
2108 3546 2240 3636 ejus
2262 3596 2284 3628 ‚
2322 3541 2764 3643 quemadmo-

346 3640 503 3715 dum
530 3668 653 3715 nos
674 3641 978 3718 volumus
999 3699 1020 3730 ‚
1053 3649 1119 3714 in
1141 3653 1361 3746 quiete
1379 3646 1664 3719 consistit
1679 3690 1705 3723 ‚
1741 3672 1876 3721 non
1894 3670 2085 3717 motu
2105 3697 2127 3731 ,
2149 3639 2362 3738 utipse
2384 3637 2757 3712 contendit.

342 3746 606 3829 Dixerat
639 3766 814 3814 certe
834 3771 904 3845 p.
934 3771 1049 3835 32,
1067 3770 1285 3815 omnem
1302 3753 1573 3819 actionem
1587 3751 1786 3839 peragi
1799 3764 1954 3817 motu
1976 3770 1995 3815 .·
2023 3744 2135 3815 hic
2153 3762 2373 3814 autem
2392 3736 2713 3838 subjungit
2736 3784 2784 3815 0.

341 3838 579 3944 frigore
598 3841 684 3914 fic
706 3838 964 3943 disponi
979 3852 1319 3917 materiam
1338 3903 1358 3935 ,
1375 3872 1447 3920 ut
1467 3845 1627 3917 nihil
1647 3869 1834 3948 agat,
1849 3842 1982 3917 hoc
2001 3845 2091 3915 est
2105 3862 2363 3933 ,utnon
2384 3863 2755 3911 moveatur:
2773 3894 2776 3895 f

337 3942 513 4061 unde
547 3940 860 4045 sequitur,
905 3949 973 4018 ni
1003 3943 1238 4038 fallor,
1276 3946 1467 4050 quod
1491 3944 1711 4049 frigidi
1732 3951 2070 4048 corporis,
2108 3966 2431 4048 quatenus
2445 3934 2781 4103 frigideuEL
