3391 4418
1018 131 2233 245 nostrone-no„
2641 167 2805 255 431

469 276 530 349 3.
547 246 849 349 ‘Angelus
869 240 1124 319 assumit
1143 270 1220 316 ac
1244 249 1410 345 regit
1426 269 1510 318 co
1591 270 1686 333 us,
1709 244 1868 318 haut
1882 242 2082 324 secus,
2102 244 2178 319 ut
2193 242 2497 332 arbitror,
2515 245 2595 324 ae
2613 277 2815 331 nauta

364 352 706 450 navigium
729 400 755 434 ,
771 342 1067 420 'fortassis
1082 343 1267 446 plura
1286 349 1487 417 etiam
1561 344 1699 417 mul
1716 370 2004 447 corpora
2024 345 2334 421 assumere
2353 375 2430 422 ac
2444 350 2809 453 gubernare

368 447 541 525 valet
561 492 589 527 ‚
627 447 802 520 certe
824 470 959 519 uno
978 444 1212 519 relicto
1230 442 1406 518 aliud
1427 470 1755 545 occupare
1773 447 2015 548 potest.

465 577 541 642 4.
575 549 835 621 Multos
852 544 1096 619 eodem
1115 569 1250 619 tem
1301 572 1419 617 ore
1437 551 1508 618 in
1525 544 1771 619 eodem
1795 572 2078 648 corpore
2098 548 2369 651 angelos
2386 545 2510 624 effe
2533 561 2799 629 eontin-

366 652 468 749 git
487 676 507 722 ε
535 671 604 721 at
631 669 879 721 mentes
896 644 1198 719 humana:
1219 573 1436 748 plures
1452 650 1521 718 in
1542 670 1678 719 uno
1698 669 1980 748 corpore
1999 668 2334 749 nunquam
2357 650 2809 752 reperiuntur}

367 753 479 820 De
503 744 954 849 malisangelis
976 744 1142 838 illud
1165 744 1426 820 historia
1445 747 1711 820 testatur
1734 748 2146 850 Evangelica.

471 871 541 941 5.
561 848 564 855 ”
587 850 802 921 Etiam
837 847 1091 918 nolenti
1128 849 1356 919 anima:
1386 871 1627 949 corpus
1657 852 1957 946 junctum
1990 870 2213 921 manet
2226 899 2250 934 ,
2285 849 2457 925 adeo
2483 876 2555 926 ut
2572 859 2790 930 anima

364 951 566 1048 magis
582 950 849 1047 corpori
867 989 892 1026 ,
928 944 1130 1043 quim
1152 970 1389 1048 corpus
1408 954 1637 1020 animae
1659 953 1729 1020 in
1746 953 2045 1021 Homine
2066 946 2437 1023 connexum
2457 952 2776 1031 videatur.

363 1051 470 1120 Sic
495 1053 724 1145 utique
745 1043 1009 1147 angelus
1023 1087 1045 1122 ‚
1070 1041 1289 1119 saltem
1314 1045 1557 1130 bonus,
1580 1074 1719 1121 non
1740 1050 2161 1149 conjungitur
2178 1073 2261 1119 co
2344 1056 2441 1120 ori
2458 1053 2645 1147 quod
2664 1082 2788 1155 gu.

366 1144 601 1219 bernar
622 1197 646 1231 ,
675 1148 990 1243 quoniam
1006 1139 1401 1244 rest-agrame
1421 1145 1761 1220 voluntate
1785 1173 2120 1247 nunquam
2140 1154 2199 1219 ei
2219 1074 2532 1220 afflaret.

465 1257 536 1317 6.
585 1248 655 1317 si
677 1248 904 1315 omnia
922 1240 1122 1315 effent
1187 1249 1318 1314 aria
1334 1250 1404 1315 in
1425 1253 1661 1319 mentis
1681 1248 1913 1318 nostrae
1937 1271 2092 1318 cum
2114 1244 2338 1318 nostro
2361 1269 2645 1347 corpore
2658 1293 2683 1329 ,
2706 1256 2781 1322 δε

363 1370 448 1417 an
494 1339 580 1413 eli
601 1367 753 1416 cum
774 1367 1057 1511 corpore
1073 1269 1374 1431 affirmto,
1391 1348 1456 1415 in
1477 1344 1663 1442 quod
1683 1352 1848 1444 agit,
1867 1345 2338 1436 conjunfflone
2358 1396 2382 1430 ,
2415 1343 2579 1438 (haec
2596 1353 2779 1419 enim

357 1371 715 1544 nobisffiui
732 1468 894 1543 ange
924 1447 943 1512 i
962 1467 1100 1515 non
1119 1440 1356 1528 sumus,
1378 1444 1589 1516 minus
1603 1444 1937 1543 perspecta
1948 1445 2062 1530 est,
2081 1453 2106 1538 )
2133 1441 2422 1516 differret
2448 1468 2670 1520 tamen
2689 1444 2773 1518 ab

362 1545 610 1644 angelo
636 1568 818 1614 mens
848 1542 1136 1614 humana
1155 1541 1358 1615 veluti
1386 1545 1532 1615 Rex
1548 1541 1586 1613 a
1605 1547 1953 1615 Di&atore
1975 1542 2149 1643 apud
2175 1547 2568 1621 Romanos:
2603 1572 2779 1647 quo-

364 1649 542 1714 niam
558 1639 844 1714 humana
862 1666 1048 1714 mens
1062 1645 1173 1714 uni
1194 1639 1543 1741 eidemque
1566 1647 1831 1742 corpori
1850 1644 2170 1743 perpetuo
2200 1640 2516 1724 cohaeret,
2549 1652 2642 1719 uti
2666 1670 2776 1717 rex

415 1744 567 1815 ua⁸m
601 1740 718 1814 diu
744 1746 905 1816 vivit
933 1741 1153 1813 eidem
1171 1767 1378 1842 regno
1399 1743 1654 1840 praeest3
1694 1749 1877 1842 atqui
1895 1740 2158 1843 angelus
2175 1741 2261 1813 ad
2284 1764 2538 1842 tempus
2562 1738 2777 1819 solum

361 1768 553 1914 :licui
571 1847 837 1944 corpori
849 1838 1251 1944 gubernator
1268 1839 1446 1915 adest
1461 1896 1483 1930 ,
1500 1848 1594 1915 uti
1610 1839 1936 1917 summum
1952 1847 2303 1944 imperium
2322 1839 2608 1917 dictator
2624 1846 2777 1917 Ro-

365 1967 598 2040 manus
612 1950 756 2042 jure
776 1948 1179 2044 temporario
1198 1943 1450 2016 tantum
1477 1940 1793 2016 habebat.
2085 2026 2091 2031 ,

456 2067 531 2141 7.
580 2049 909 2142 Qamvis
941 2068 1167 2117 autem
1188 2049 1473 2116 animam
1497 2041 1856 2117 humanam
1873 2069 2014 2117 non
2034 2043 2120 2116 sic
2138 2042 2549 2120 absolvamus
2566 2041 2607 2115 i
2621 2067 2776 2116 cor-

356 2168 522 2246 pore
539 2197 563 2232 ,
593 2166 669 2217 ut
693 2141 982 2218 formam
1009 2152 1149 2243 ejus
1164 2143 1548 2217 affistentem
1570 2144 1866 2220 dicamus
1884 2199 1906 2230 ,
1940 2142 2121 2245 quali
2141 2171 2280 2221 non
2308 2148 2519 2248 magis
2534 2142 2779 2246 corpus

359 2242 447 2316 ad
465 2247 755 2316 animam
769 2296 794 2329 ,
816 2244 1017 2340 quam
1038 2247 1219 2314 navis
1238 2241 1323 2313 ad
1344 2268 1607 2315 nautam
1628 2298 1651 2329 ,
1675 2243 2029 2344 speetareu
2057 2271 2194 2318 non
2217 2270 2438 2320 tamen
2456 2247 2494 2318 ὲ
2515 2270 2781 2319 eontra-

355 2347 459 2414 rio
473 2339 566 2412 fic¹
577 2366 724 2412 eam
740 2346 1005 2440 corpori
1022 2338 1357 2441 alligamus
1374 2392 1396 2426 ,
1412 2340 1744 2428 utformaem
1760 2348 1876 2441 ejus
1886 2341 2287 2433 informantem
2304 2343 2427 2418 esse
2445 2367 2777 2444 putemus,

361 2447 464 2537 cuj
473 2435 725 2510 ustnodi
744 2437 1022 2512 aliorum
1042 2463 1402 2539 corporum
1413 2435 1649 2511 formae
1666 2439 1870 2541 vulgo
1890 2440 2281 2536 judicantur.
2763 2529 2771 2540 ,

456 2539 526 2611 8.
575 2536 660 2611 1d
685 2544 862 2609 enim
887 2537 1282 2610 affirmantes
1317 2545 1583 2638 corpori
1617 2543 1808 2612 nimis
1824 2545 2210 2638 immergere
2232 2552 2444 2639 &pro
2466 2548 2605 2635 ejus
2628 2565 2772 2612 tan-

359 2640 505 2711 tum
523 2635 884 2739 appendice
906 2646 977 2710 &
998 2637 1206 2712 modo
1225 2635 1467 2710 habere
1492 2640 1794 2709 Mentem
1816 2636 2187 2709 videremur
2203 2682 2228 2712 s
2311 2664 2406 2709 uae
2427 2660 2649 2707 tamen
2667 2662 2770 2708 res

356 2738 451 2811 est
539 2762 611 2809 er
648 2733 709 2808 fi:
747 2737 1013 2809 existens
1055 2745 1128 2812 &
1159 2741 1228 2808 in
1262 2734 1675 2810 nobiliffimis
1720 2732 2216 2837 operationibus
2248 2664 2367 2808 igis
2406 2733 2445 2806 a
2485 2759 2768 2836 corpore

317 2853 326 2854 ⁷
353 2835 483 2911 hau
536 2853 866 2938 quaquam
894 2835 1296 2937 dependens.

454 2963 527 3029 9.
576 2941 649 3013 si
678 2944 898 3010 anima
915 2934 1249 3012 rationalis
1264 2939 1565 3038 corporis
1578 2933 2057 3029 humanifornu
2072 2937 2164 3009 est
2180 2979 2203 3015 2
2235 2942 2390 3036 quia
2407 2959 2633 3011 motus
2654 2963 2772 3012 va·

350 3042 483 3111 rios
504 3036 891 3141 imperando
919 3042 1105 3111 variis
1121 3035 1285 3110 illud
1305 3035 1524 3111 modis
1543 3033 1792 3112 format
1810 3064 1888 3111 ac
1915 3031 2026 3107 dis
2054 3043 2197 3123 onir
2211 3081 2235 3118 ,
2273 3043 2510 3134 intuitu
2526 3035 2679 3110 fitus
2695 3044 2769 3111 δε

351 3134 695 3238 politionis
711 3145 993 3241 partium
1011 3169 1032 3226 3
1066 3145 1092 3229 (
1109 3160 1260 3209 nam
1280 3135 1400 3209 alia
1416 3138 1969 3212 denominationis
1984 3063 2153 3210 ifiius
2167 3190 2187 3222 ,
2208 3163 2350 3237 quae
2371 3136 2640 3238 quidem
2657 3163 2771 3212 ve·-

352 3261 500 3326 rum
534 3235 710 3311 dieat
733 3285 758 3318 ‚
792 3245 958 3312 ratio
997 3234 1209 3309 afferri
1241 3243 1468 3338 nequit
1484 3246 1558 3324 3)
1593 3263 1709 3310 cur
1726 3264 1867 3311 non
1885 3235 2069 3308 fimili
2091 3246 2229 3336 jure
2252 3264 2490 3341 eorpus
2508 3237 2765 3313 dicatur

352 3331 572 3408 forma
609 3343 874 3426 animae,
909 3340 1234 3438 quoniam
1270 3344 1469 3411 varias
1485 3343 1553 3409 in
1575 3364 1653 3410 ea
1669 3365 1866 3439 perce
1919 3343 2129 3410 tiones
2146 3336 2589 3437 producendo
2614 3363 2764 3409 eam

353 3431 603 3509 format
621 3463 697 3509 ac
719 3435 832 3508 dis
862 3442 1007 3510 onit
1037 3436 1219 3537 mille⁸
1235 3436 1492 3511 modis?
1523 3435 1786 3510 Confer
1808 3440 1872 3508 T
1920 3463 2060 3510 eor.
2080 3444 2229 3511 Viv.
2248 3451 2328 3530 65
2344 3451 2411 3509 6.
2429 3435 2525 3534 sq.

460 3561 579 3610 ιο.
625 3541 694 3610 O
773 3542 786 3555 ’
840 3562 894 3610 rs
922 3542 1116 3637 igitur
1147 3534 1464 3635 ejusmodi
1500 3535 2133 3611 confiderationibus
2160 3535 2560 3632 affirmemus
2593 3585 2616 3618 ,
2658 3558 2783 3623 re·-¹

350 3660 502 3720 vera
532 3637 850 3709 Hominis
879 3633 1166 3708 formam
1186 3634 1307 3709 effe
1326 3637 1507 3709 illam
1525 3690 1547 3723 ‚
1581 3637 1667 3709 de
1683 3632 1815 3737 qua
1832 3663 2005 3721 nunc
2021 3641 2271 3738 agimus
2288 3687 2311 3721 ,
2344 3635 2763 3730 conjunffio-

349 3759 533 3820 nem,
547 3733 919 3834 ipfiffimum
937 3735 1103 3808 illud
1117 3760 1419 3826 motuum
1437 3741 2053 3839 cogitationumque
2076 3738 2567 3808 commercium.
2591 3739 2765 3834 Qae

352 3829 575 3906 forma
609 3835 763 3907 cum
799 3840 1069 3938 recipiat
1105 3842 1314 3940 magis
1344 3844 1418 3914 δε
1453 3844 1669 3913 minus
1689 3890 1714 3924 ,
1752 3836 2222 3913 confirmantur
2255 3836 2405 3912 hinc
2440 3859 2584 3934 quae
2616 3859 2764 3932 cap.

356 3939 661 4019 XXXV
677 3939 751 4008 11
783 3933 929 4012 sunt
951 3934 1216 4013 tradita.

467 4049 470 4054 ¹
1725 4041 1839 4112 lii
1958 4051 1999 4122 f
2490 4060 2521 4108 ι
2538 4058 2567 4105 1
2583 4084 2597 4106 .
2618 4027 2760 4100 Ab·
