3391 4418
595 165 719 238 92.
1249 132 2348 219 Drsrurnrro
2807 174 2818 188 ·

592 253 936 326 dicentur,
967 269 1113 348 quae
1148 249 1664 347 generationi&
1701 244 2114 345 corruptioni
2145 236 2290 314 sunt
2313 235 2671 329 obnoxie}
2714 235 3025 342 adeoque

600 348 973 424 mutabiles,
1123 418 1127 426 Α
2814 388 2825 398 ‚

706 480 770 550 3.
821 450 972 520 Nec
1005 470 1231 517 tamen
1264 442 1423 516 ideo
1456 442 1725 542 Phyfica
1755 441 1986 519 desmit
2011 442 2437 541 esseftientia,
2469 440 2823 541 quod'agat
2846 438 2930 513 de
2952 467 3024 515 re

599 546 926 622 mutabili.
975 543 1577 644 Qemadrnodum
1610 548 1788 615 enim
1825 543 1907 617 de
1927 571 2207 645 corpore
2237 547 2630 642 incorporea
2652 595 2674 631 ,
2714 541 2797 610 de
2815 547 3027 613 reim-

601 646 906 721 mutabili
923 630 1251 717 mutabilis
1266 673 1349 717 co
1398 651 1562 716 nitio
1579 643 1770 716 datur
1787 674 1804 717 z
1835 651 1924 717 ita
1936 645 2152 745 potest
2167 669 2378 716 rerum
2395 642 2583 716 valde
2601 638 3039 714 mutabilium

598 754 834 822 notitia
866 742 986 816 effe
1020 673 1475 829 immutabffis3
1514 746 1667 816 cum
1702 768 1950 817 aeternae
1979 741 2262 839 veritatis
2301 740 2492 814 effata
2524 743 2609 815 de
2640 749 2723 814 iis
2737 740 3024 836 dentur,

601 844 965 942 eujusmodi
990 844 1275 917 velillud
1295 841 1499 945 ipsum
1515 846 1604 916 est
1621 895 1643 929 ‚
1670 868 1834 914 omne
1848 864 2164 937 corporeum
2179 840 2255 939 est
2268 845 2566 919 mutabile.

696 976 770 1043 4.
817 951 883 1017 Si
901 970 1140 1042 quaeras
1161 997 1182 1025 ‚
1221 972 1335 1018 cur
1358 969 1491 1016 tam
1510 950 1700 1043 pauci
1719 940 1971 1043 semper
1998 936 2236 1015 fuerint
2258 947 2369 1039 qui
2386 939 2470 1013 ad
2490 941 2820 1014 scientiam
2845 941 3017 1016 hane

598 1052 1012 1146 pervenerint
1026 1097 1047 1125 ‚
1091 1070 1205 1116 cur
1218 1051 1410 1146 pauci
1422 1043 1594 1115 adeo
1618 1041 1931 1142 sapientes
1945 1048 2306 1114 etiamnum
2321 1040 2597 1113 evadant
2617 1071 2637 1127 3
2665 1038 2834 1112 hanc
2848 1044 3020 1115 illius

597 1143 876 1218 raritatis
896 1142 1148 1216 causam
1166 1150 1558 1245 praecipuam
1577 1142 1699 1216 este
1722 1147 1983 1216 noveris
1998 1195 2020 1228 ,
2051 1140 2238 1243 quod
2260 1138 2471 1213 nullus
2490 1138 2699 1212 infans
2716 1166 3021 1215 erroneas

599 1244 684 1317 de
698 1245 894 1318 rebus
910 1244 1307 1317 naturalibus
1330 1248 2015 1345 cogitationesevitare
2037 1289 2059 1326 ‚
2097 1267 2221 1314 nec
2240 1239 2402 1313 ullus
2425 1239 2682 1315 adultus
2700 1266 2806 1311 eas
2825 1237 3019 1315 facile

598 1344 933 1446 deponere
951 1367 1149 1441 atque
1170 1344 1520 1420 emendare
1540 1341 1775 1444 poffir..

700 1472 767 1540 χ.
811 1450 878 1520 si
893 1444 1160 1517 ulterius
1179 1472 1370 1546 roges
1388 1490 1411 1526 ,
1446 1469 1561 1519 cut
1580 1440 2015 1516 Arithmetica
2031 1451 2102 1517 δε
2118 1447 2498 1516 Geometria
2517 1442 2768 1516 dudum
2784 1439 3022 1516 fuerint
3096 1494 3103 1500 ·

591 1544 677 1618 ad
699 1541 1021 1642 majorem
1032 1540 1510 1644 perfestionem
1531 1542 1825 1617 deduCtae
1839 1590 1861 1620 ‚
1884 1545 2084 1642 quam
2106 1541 2369 1636 Phyfica
2384 1576 2403 1630 3
2421 1539 3022 1643 sunilisest-respon-

587 1645 721 1717 fio:
756 1642 945 1742 quod
974 1641 1058 1714 de
1098 1644 1291 1717 rebus
1322 1641 1605 1739 Phyficis
1639 1642 1849 1714 multa
1862 1645 1943 1713 ab
1963 1648 2225 1715 ineunte
2246 1642 2771 1717 aetatehaufimus
2786 1650 3020 1745 praeju-

593 1744 810 1829 dieia3,
829 1741 913 1814 de
953 1744 1147 1816 rebus
1178 1743 1619 1817 Arithmeticis
1637 1750 1709 1812 &
1733 1747 2168 1813 Geometricis
2193 1768 2330 1815 non
2344 1749 2534 1817 item.
2583 1746 2757 1821 Vide
2774 1770 2925 1843 quae
2938 1742 3020 1815 de

591 1849 903 1919 Errorum
924 1846 1179 1944 origine
1200 1851 1265 1916 &
1286 1840 1617 1943 progressu
1641 1845 1709 1910 in
1732 1840 2228 1939 prolegomenis
2247 1847 2505 1945 Logicis
2532 1846 2795 1918 tradidi.·
2912 1923 2921 1937 ,

689 1962 755 2019 6.
807 1947 898 2015 At
921 1949 1135 2039 inquis
1153 1987 1178 2020 ‚
1218 1967 1417 2039 quare
1451 1946 1671 2041 potius
1713 1936 1798 2010 de
1827 1937 2019 2012 rebus
2048 1938 2328 2032 Phyficis
2348 1995 2370 2028 ,
2414 1946 2610 2042 quam
2647 1944 2731 2017 de
2760 1949 3020 2023 Mathe-

544 2085 554 2097 ·
593 2048 848 2115 maricis
871 2066 1174 2113 erroneas
1199 2068 1243 2112 o
1293 2046 1543 2113 iniones
1559 2044 1594 2113 a
1609 2047 1844 2111 teneris
1864 2046 2042 2111 annis
2058 2038 2424 2116 hausimus?
2463 2042 2660 2144 Resp.
2696 2049 2804 2117 De
2827 2047 3022 2122 rebvs

591 2139 871 2233 Phyficis
887 2193 909 2226 ,
945 2163 1109 2211 terra
1124 2191 1146 2226 ,
1177 2068 1308 2212 sole
1328 2196 1346 2223 ,
1383 2138 1574 2215 stellis
1591 2191 1613 2226 ‚
1641 2164 1811 2237 aqua
1828 2193 1849 2226 ‚
1880 2138 2058 2213 dulci
2077 2184 2099 2220 ‚
2137 2164 2364 2213 amaro
2380 2186 2404 2219 2
2442 2141 2609 2217 sonis
2647 2154 2780 2218 διε.
2816 2217 2821 2226 .
2847 2156 3019 2221 varia

585 2235 1419 2337 judiciainfautestulimus,
1438 2266 1461 2310 1
1477 2291 1492 2308 .
1513 2245 1830 2339 quoniam
1852 2243 1920 2311 in
1938 2237 2144 2312 sensus
2154 2241 2408 2313 nostros
2423 2245 2717 2342 quotidie
2732 2252 3020 2321 incurre-

593 2341 789 2427 bant3
826 2364 980 2410 nam
997 2340 1210 2435 objecta
1231 2394 1253 2426 ,
1274 2337 1844 2439 quemadmodum
1864 2338 1989 2411 dici
2012 2337 2174 2412 solet
2195 2392 2217 2425 ‚
2241 2365 2460 2413 movent
2469 2344 2659 2441 sensus
2676 2401 2693 2428 ,
2717 2372 2910 2446 atque
2933 2348 3017 2420 ad

592 2438 1003 2542 operandum
1022 2446 1299 2513 excitant
1322 2470 1340 2513 z
1376 2467 1442 2513 2.
1462 2445 1624 2537 quia
1644 2465 1744 2511 res
1761 2439 2078 2513 naturales
2088 2440 2174 2513 ad
2193 2447 2337 2515 vitae
2357 2487 2384 2519 ‚
2405 2469 2599 2540 quam
2621 2442 2896 2521 infantes
2918 2456 3019 2523 in-

587 2540 921 2645 gredimur
949 2584 970 2620 ‚
1012 2537 1575 2613 conservationem
1611 2536 1876 2615 faciunt.
1935 2540 2045 2614 Ad
2070 2544 2368 2639 corporis
2390 2569 2605 2615 autem
2622 2550 2818 2621 nostri
2841 2551 3022 2623 utili-

591 2667 792 2716 tatem
813 2643 928 2712 ista
940 2662 1132 2714 aetate
1153 2637 1492 2714 referimus
1520 2647 1770 2714 omnia.
1823 2641 1960 2714 Adi
1983 2648 2179 2715 citata
2195 2642 2697 2744 prolegomena.

685 2770 760 2832 7.
812 2747 901 2813 At
917 2768 1014 2815 res
1030 2741 1115 2813 ad
1142 2739 1465 2814 Mathefin
1480 2767 1711 2840 puram
1732 2738 2087 2842 spectantes
2104 2795 2125 2829 ,
2147 2768 2245 2813 ex.
2261 2769 2354 2842 gr.
2376 2747 2765 2818 novenarius
2778 2800 2796 2827 ,
2815 2744 3025 2820 dena-

583 2847 797 2918 riusoin
818 2841 1140 2913 abstracto
1158 2885 1180 2916 ‚
1212 2841 1600 2940 triangulum
1618 2887 1641 2921 ‚
1671 2847 2131 2944 oCkogonum,
2154 2841 2473 2917 rhombus
2493 2853 2562 2915 &
2587 2843 2810 2916 fimilia
2832 2891 2853 2926 ‚
2878 2874 3016 2920 non

582 2935 897 3012 itasensus
920 2934 1238 3023 afficiunt,
1261 2965 1382 3008 nec
1400 2943 1626 3036 primae
1647 2949 1823 3013 aetati
1838 2940 2443 3015 neceffiriumusum
2464 2946 3015 3042 praestant..1de‹')-

582 3064 711 3137 que
733 3037 813 3108 de
837 3032 1152 3135 ejusmodi
1172 3035 1364 3108 rebus
1389 3034 1550 3104 nihil
1574 3061 1725 3109 ante
1741 3040 2173 3135 judicavimus
2205 3096 2225 3129 ,
2258 3043 2458 3139 quam
2475 3042 2564 3115 ad
2582 3046 3013 3140 judicandum

582 3142 714 3237 apti
735 3133 1029 3207 ess'emus.
1078 3141 1145 3209 Si
1165 3132 1325 3207 nihil
1343 3134 1810 3234 judicavimuS,
1835 3168 1994 3243 ergo
2010 3167 2130 3212 nec
2149 3167 2452 3214 erroneas
2479 3150 2839 3244 opiniones
2854 3146 3020 3219 hau.-

583 3235 802 3308 simus.

676 3338 741 3408 8.
792 3337 966 3429 Qae
998 3332 1156 3403 vero
1193 3331 1278 3404 de
1317 3341 1756 3409 Geometticis
1778 3343 1843 3408 &
1874 3334 2315 3410 Arithmeticis
2335 3342 2462 3415 dixi
2484 3339 2774 3444 respestu
2798 3373 3011 3419 rerum

578 3431 990 3529 Phyficarum
1014 3484 1036 3514 ,
1064 3428 1300 3506 eadem
1326 3434 1680 3535 applicabis
1697 3437 1780 3507 ad
1796 3431 2300 3537 chronologica
2324 3450 2393 3514 &
2410 3442 2771 3530 Historica,
2801 3445 2841 3516 fi
2859 3474 3011 3521 curn

572 3532 851 3624 Physicis
883 3526 1323 3603 conferantur.
1374 3537 1546 3607 Alias
1582 3534 2316 3637 irnperfedlaehaCtenus
2336 3539 2614 3640 Phyficae
2643 3545 2851 3619 causas
2875 3558 3009 3645 jam

569 3655 889 3734 praetereo
911 3676 935 3708 ,
971 3657 1045 3700 ac
1072 3631 1153 3702 de
1183 3633 1282 3728 usta
1300 3630 1435 3724 ejus
1455 3635 1704 3732 aliquid
1729 3637 1934 3709 addo.
2455 3633 2471 3639 ”

666 3758 733 3818 9,.
797 3731 998 3803 Certe
1021 3737 1193 3802 enim
1212 3785 1233 3817 ,
1273 3757 1577 3805 accurato
1601 3736 1813 3807 studio
1838 3735 1882 3806 si
1904 3738 2213 3807 ttadletur
2230 3794 2245 3818 ,
2267 3740 2533 3811 Naturae
2552 3769 2674 3815 nos
2695 3746 2891 3815 veluti
2913 3749 3017 3816 do-

561 3833 736 3902 minos
779 3826 972 3913 facit,
1007 3831 1421 3905 ostendendo
1441 3889 1463 3920 ,
1508 3837 1861 3933 quomodo
1899 3860 1998 3905 res
2037 3859 2268 3907 creata:
2298 3836 2493 3910 nobis
2521 3838 2817 3916 inservire
2846 3831 3023 3944 aptat.

557 3929 871 4012 mtaefint
891 3928 1118 4009 :unde
1140 3933 1446 4011 Medicina.
1463 3933 1734 4039 aliaeque
1752 3937 1971 4038 plures
1984 3958 2153 4008 artes
2175 3935 2553 4013 nascuntur*

2720 4066 2810 4117 ιο
2826 4092 2844 4115 .
2894 4039 3027 4121 Ad,
