3391 4418
1280 132 1347 217 P
1462 158 1531 218 Η
1649 160 1704 221 γ
1823 160 1863 220 ⁸
1948 170 1964 181 ·
2127 161 2182 218 c
2224 195 2235 206 ,
2300 141 2382 218 Κ

622 172 788 333 inid
826 249 1030 332 efficit
1050 298 1074 331 ‚
1124 273 1198 321 ut
1242 253 1411 320 inter
1445 270 1564 321 eos
1586 242 1934 349 stationem
1970 166 2149 321 {x‘uam
2182 241 2473 321 descrere
2502 244 2897 345 nequent-5.
2922 255 3036 340 64„

633 379 906 529 2035?
928 381 1136 522 3sdem
1156 451 1372 519 evenit
1388 452 1457 518 in
1478 441 1649 519 duro
1665 468 1949 544 corpore
1973 501 1996 534 ,
2018 442 2206 547 quod
2232 442 2316 516 ab
2335 448 2522 518 omui
2540 467 2724 546 parte
2745 440 2868 531 alia
2881 410 3048 517 dura

632 550 1029 653 aequabiliter
1048 570 1377 648 premunt.
1426 551 1531 621 Sic
1546 543 2055 620 colluctatorum
2075 602 2096 629 ,
2141 547 2303 619 dum
2315 550 2511 642 aequis
2531 543 2771 618 vitibus
2784 548 2958 615 inter
2977 541 3035 617 ίέ

635 650 1047 727 contendunt
1065 693 1086 726 ‚
1119 671 1347 719 neuter
1376 643 1563 718 humi
1597 645 1914 717 sternitur.
1994 646 2177 719 Idem
2206 642 2280 718 fit
2313 645 2636 744 judicium
2665 643 2750 717 de
2777 641 2997 717 fluidis
3021 697 3047 731 ,

634 751 863 852 quoad
880 747 1063 821 simili
1083 744 1297 818 modo
1314 743 1427 816 fibi
1451 735 1894 816 oblatitanttir.

734 880 772 924 2
783 861 820 923 8
837 882 866 924 2
879 905 896 923 .
946 856 1042 919 At
1062 844 1246 916 fimul
1265 869 1343 916 ac
1354 841 1456 917 ve'l
1476 848 1747 915 minima
1761 847 1855 917 vis
1868 838 2136 917 horsum
2145 867 2257 916 aut
2268 838 2559 917 istorsum
2566 839 3064 944 praeponderat,

510 1012 518 1031 ,
629 953 995 1047 aequilibrium
1015 949 1257 1018 evanuit.

734 1055 819 1122 28
838 1075 898 1139 3.
948 1050 1135 1117 Dura
1151 1049 1346 1125 etiam
1364 1040 1402 1113 εὶ
1424 1040 1635 1114 fluidis
1702 1039 2223 1141 regredientibus
2257 1038 2580 1133 deferuntur
2600 1091 2624 1126 ,
2651 1046 2746 1113 uti
2780 1038 2867 1112 ab
2895 1045 3046 1114 εδει

628 1160 698 1225 &
716 1150 918 1223 fluvio
932 1168 1152 1216 naves.
1200 1150 1369 1214 Item
1387 1139 1603 1212 duraci
1673 1146 1803 1212 uris
1812 1137 2263 1241 proferuntur,
2288 1162 2362 1213 ut
2387 1137 2426 1209 εὶ
2457 1164 2622 1213 nave
2645 1137 2975 1214 homines.

730 1255 894 1338 284.
945 1245 1097 1339 Nee
1116 1254 1336 1314 tamen
1357 1239 1517 1312 dura
1548 1236 1799 1338 semper
1817 1241 2076 1312 fluentis
2103 1265 2179 1312 ae
2200 1236 2555 1313 deferentis
2575 1244 2902 1327 motioni,
2929 1239 3050 1313 sed

626 1348 735 1420 alii
764 1344 920 1447 saepe
943 1349 1133 1441 eique
1158 1339 1631 1414 vehementiori
1648 1344 1862 1410 motui
1880 1362 2134 1439 patent.
2190 1346 2288 1412 Ita
2308 1344 2490 1411 navis
2504 1335 2742 1414 fortius
2767 1345 3047 1444 remiga-

630 1473 699 1522 ta
718 1447 985 1520 aliterve
1017 1438 1288 1541 impulsa
1306 1440 1412 1514 vel
1436 1443 1639 1513 tta&
1661 1435 2005 1513 transverso
2028 1437 2134 1513 <tel
2156 1442 2359 1512 etiam
2379 1434 2649 1516 adverso
2667 1441 2938 1515 flumine
2960 1439 3049 1514 ad

635 1554 804 1647 ripas
826 1540 1194 1645 appellitur.

1023 1746 1110 1834 V
1134 1742 1249 1825 II.
1274 1756 1275 1759 ’
1304 1743 1572 1852 Figura
1599 1739 1876 1822 incerta
1894 1798 1914 1833 ,
1938 1737 2216 1854 globofit
2227 1798 2258 1842 ,
2294 1743 2657 1856 angulata.

685 1947 779 2016 28
793 1965 859 2038 5.
901 1948 1071 2116 D
1106 1931 1454 2009 Iverfittum
1485 1939 1551 2006 in
1591 1930 1992 2105 corgotibus
2022 1932 2384 2035 figurarum
2408 1932 2594 2012 causa
2622 1941 2695 2011 δε
2730 1943 2925 2046 origo
2959 1940 3051 2012 est

1679 2058 1702 2102 1

1110 2058 1330 2133 motus
1350 2041 1651 2107 varietas:
1686 2038 1699 2049 ⁶
1772 2033 1962 2132 quod
1984 2035 2254 2136 opifices
2268 2064 2391 2109 nos
2411 2037 2734 2111 edocent:

638 2152 647 2159 ”
736 2143 902 2214 286.
957 2144 1131 2238 Qae
1150 2135 1500 2234 figurarum
1539 2136 1813 2207 varietas
1852 2131 1985 2205 hoc
2019 2136 2288 2209 vieiffim
2315 2133 2559 2225 efficit,
2587 2161 2664 2211 ut
2695 2158 2918 2209 motus
2935 2163 3057 2211 va-

639 2243 826 2313 rient.
887 2244 988 2312 Ita
1010 2237 1170 2336 lapis
1190 2231 1831 2333 triangulatisminus
1856 2230 2046 2319 facile
2069 2261 2374 2309 movetur
2394 2235 2735 2340 spbar-ico.

740 2341 902 2425 287.
963 2336 1256 2408 Fluentia
1275 2357 1548 2431 quoque
1586 2358 1871 2432 corpora
1890 2338 2125 2408 iterum
2148 2359 2345 2435 atque
2367 2343 2602 2412 iterum
2622 2336 2935 2411 alluendo
2953 2364 3056 2412 re·

638 2434 762 2512 bus
782 2433 958 2511 duris
971 2459 1144 2510 nunc
1157 2432 1326 2504 hanc
1345 2457 1521 2506 nunc
1542 2432 1738 2516 aliam
1754 2430 2039 2506 formam
2062 2431 2371 2510 inferunt.

735 2535 897 2611 2'88.
947 2536 1201 2611 Verum
1221 2532 1306 2605 ad
1339 2532 1499 2605 dura
1520 2538 1592 2603 δε
1613 2533 2022 2607 confistentia
2048 2535 2262 2611 multo
2288 2534 2546 2611 facilior
2565 2537 2656 2614 est
2675 2532 3062 2612 conforma·-
3143 2565 3150 2569 ’

637 2639 740 2710 tio
760 2639 1085 2712 fluxorunt
1106 2633 1502 2720 acmollium
1515 2684 1538 2713 ,
1559 2659 1703 2732 quae
1715 2633 1839 2709 illis
1858 2634 2112 2708 cedant.
2139 2638 2197 2737 §.
2226 2662 2319 2733 24
2329 2664 2388 2735 5.
2448 2644 2543 2710 Ita
2577 2661 2726 2737 quae·
2749 2639 2965 2720 fluunt
2985 2643 3056 2709 in

635 2735 963 2813 vasculum
995 2735 1207 2810 indita
1226 2738 1682 2835 ex‘capacitate
1706 2742 1843 2830 ejus
1877 2734 2257 2838 figurantur.
2324 2745 2583 2812 Ferrum
2618 2737 2704 2810 ad
2737 2745 2868 2811 reci
2917 2745 3061 2812 ien-

636 2837 1069 2916 dumaemultas
1099 2834 1346 2907 formas
1375 2839 1537 2933 ignis
1570 2831 1882 2906 admotus
1907 2861 2130 2933 parat3
2161 2834 2274 2909 sed
2315 2836 2430 2912 ubi
2469 2833 2747 2924 refrixit,
2785 2766 3059 2913 adpeam

632 2945 775 3010 rem
793 2941 1087 3035 ineptum
1110 2934 1222 3003 est.
1278 2929 1464 3001 Idem
1478 2934 1547 2999 in
1568 2955 1713 3001 cera
1726 2930 1983 3032 sigillari
2004 2935 2324 3009 videmus.
2382 2944 2556 3036 Qae
2574 2965 2673 3011 tes
2689 2937 2824 3014 hoc
2839 2947 3056 3013 mani-

635 3036 871 3110 festum
901 3030 1101 3124 efficit
1117 3084 1140 3117 ,
1176 3026 1367 3127 quod
1393 3027 1520 3117 jam
1536 3026 1724 3119 ferme
1759 3034 2092 3124 confidentia
2109 3034 2363 3131 figuram
2381 3091 2401 3120 ‚
2440 3061 2613 3128 quam
2643 3043 2722 3110 ad
2739 3041 3052 3135 fluxionem

633 3141 983 3231 novisstmam
1005 3130 1303 3214 habebant,
1324 3145 1605 3200 tueamur.
1703 3177 1715 3190 ,
2935 3187 2942 3194 .

741 3264 774 3309 2
788 3242 824 3306 8
838 3260 905 3322 9.
962 3235 1127 3401 Q&
1147 3233 1343 3330 igitur
1363 3250 1576 3300 rerum
1596 3249 1820 3300 motus
1836 3253 1912 3300 ac
1929 3228 2130 3304 fluxus
2151 3224 2478 3310 faciliores
2496 3235 2664 3318 sunt,
2687 3242 2773 3315 eo
2791 3236 3051 3317 facilior

638 3344 708 3409 in
741 3330 967 3406 iisdem
994 3360 1027 3400 e
1100 3329 1320 3428 figurae
1338 3332 1643 3401 mutatio.

737 3459 902 3523 290.
958 3427 1244 3502 Proinde
1287 3434 1353 3498 in
1385 3426 1644 3501 mundo
1672 3424 2043 3502 mobilitate
2084 3428 2333 3506 summa
2362 3459 2439 3505 ac
2466 3438 2747 3511 maxime}
2776 3441 3056 3516 fluidum

634 3560 872 3634 corpus
890 3525 1283 3604 omnimode
1303 3550 1445 3600 tum
1467 3527 1820 3629 figurando
1843 3552 1979 3603 tum
1997 3530 2359 3606 dividendo
2381 3535 2495 3609 est.
2931 3591 2936 3596 -

732 3659 904 3720 291.
953 3628 1117 3703 Tale
1145 3649 1363 3699 autem
1395 3650 1468 3699 ut
1499 3626 1607 3697 hic
1632 3627 1861 3709 detur,
1901 3628 2032 3733 ipsa
2062 3631 2398 3709 neceffitas
2432 3635 2767 3739 deposcit,
2818 3665 2903 3724 nc
2943 3637 3049 3714 vel

526 3823 536 3832 υ
632 3735 980 3805 minimum
1000 3723 1275 3833 univctq
1287 3751 1408 3828 per
1425 3750 1841 3801 momentum
1860 3757 2068 3807 vacet.
2125 3737 2187 3811 §-
2206 3761 2328 3827 43.

632 3887 645 3896 .
733 3857 898 3921 292·
956 3830 1136 3901 Nam
1166 3825 1325 3899 dum
1364 3851 1728 3928 corporum
1762 3826 1847 3900 ab
1880 3833 2012 3904 alio
2051 3831 2229 3906 aliud
2312 3836 2721 3923 rotruditur,
2749 3861 2947 3936 atque
2971 3836 3053 3908 ad

626 3927 804 4006 hune
824 3927 1117 4006 modum.
1138 3933 1575 4007 continuusin
1593 3927 1759 4009 alius
1776 3929 2003 4007 locum
2030 3927 2213 4009 succe
2266 3960 2336 4012 us
2364 3934 2479 4027 est,
2500 3945 2570 4022 §-
2592 3960 2666 4028 ¹3
2688 3960 2715 4029 3
2740 3984 2760 4005 .
2805 3962 3058 4037 nequa-

2850 4064 3052 4139 quam
