3391 4418
505 114 663 190 ¹¹4
1149 78 2248 163 Dumna-Atto

505 225 778 279 omnem
799 190 1046 271 sensum
1062 185 1462 293 fugientibus
1479 246 1502 279 ‚
1578 188 1730 265 uim
1748 186 1834 261 ad
1854 188 1987 262 baec
2006 184 2391 290 explicanda
2415 211 2592 260 nova
2615 182 2959 287 quadam.

509 304 686 379 nulla
709 327 858 374 cum
881 299 958 368 iis
981 318 1127 393 quae
1147 290 1499 365 sentiuntur
1542 289 2011 365 imilitudinem
2030 286 2342 389 habentia
2366 343 2389 377 ‚
2422 293 2826 390 excogitare.
2930 376 2935 382 Ι

615 432 687 503 7.
737 400 903 503 Qo
927 421 1144 467 autem
1161 392 1532 496 diligentius
1553 392 2074 466 animadvertant
2094 390 2256 490 quid
2276 398 2346 464 in
2360 386 2793 464 rarefadtione
2816 412 2958 459 ma-

526 518 747 607 jorum
771 522 1125 599 corporum
1147 502 1488 596 contingat
1506 550 1528 583 ,
1565 520 1762 595 atque
1782 495 2008 567 exinde
2029 492 2346 593 paulatim
2369 491 2453 565 de
2475 488 2845 564 minoribus
2864 488 2969 581 ju·-

526 608 747 680 dicare
779 595 1121 673 assuescant
1138 640 1163 673 2
1206 622 1323 698 age
1338 606 1473 695 jam
1488 604 1554 669 in
1572 594 1871 669 medium
1887 600 2324 696 experimenta
2342 591 2646 694 quaedam
2668 588 2874 665 obvia
2895 599 2969 666 δε

530 704 744 781 facilia
773 697 1217 803 producamus
1235 743 1257 774 ,
1294 721 1364 771 ut
1384 695 1430 769 si
1451 704 1565 798 qui
1586 694 1869 770 sensibus
1888 702 2164 770 nimium
2188 692 2418 769 confifi
2444 692 2751 768 nondum
2767 698 2973 764 ratio-

537 832 692 881 nem
723 800 943 876 audire
963 797 1161 870 velint
1179 851 1202 885 ‚
1236 801 1384 898 ipsis
1406 805 1604 872 etiam
1626 795 1907 871 sensibus
1934 795 2456 897 quodammodo
2471 794 2974 898 redarguantur.

637 910 706 978 8.
763 905 933 974 Panis
950 897 1048 972 bis
1067 901 1297 971 coctus
1315 945 1342 976 2
1383 903 1500 998 qui
1523 926 1629 971 ma
1676 904 1729 971 is
1748 898 2134 1000 compaQus
2155 897 2410 997 reliquo
2427 923 2601 999 pane
2622 941 2648 974 2
2686 902 2845 968 vino
2861 913 2978 964 aut

544 1005 698 1080 lasti
734 1005 994 1074 intritus
1036 1024 1444 1101 quantopere
1477 1027 1594 1102 pet
1628 922 1871 1073 fiotum
1887 1025 2250 1100 corporum
2270 1004 2338 1069 in
2352 1025 2559 1100 poros
2574 993 2718 1070 suos
2738 988 2978 1066 admis-

545 1106 802 1180 sionem
855 1100 1161 1173 dilatetur
1196 1125 1402 1172 nemo
1437 1128 1580 1174 non
1600 1106 1822 1202 potuit
1859 1098 2351 1204 deprehendere
2388 1098 2589 1198 quim
2626 1091 2991 1198 saepiffime.

545 1212 702 1284 Nec
741 1227 961 1276 tamen
996 1204 1113 1300 qui
1137 1199 1435 1274 attendet
1454 1202 1777 1295 majorem
1798 1198 1908 1273 hic
1929 1199 2046 1303 ipsi
2068 1205 2220 1303 pani
2235 1199 2678 1295 extensionem
2701 1193 2945 1270 tribuet
2960 1227 2987 1282 3

552 1304 661 1381 sed
677 1304 900 1407 potius
917 1326 993 1373 ex
1006 1325 1176 1402 pane
1192 1327 1345 1374 cum
1363 1301 1645 1376 humido
1663 1328 1782 1376 cor
1831 1328 1968 1385 ore,
1997 1301 2190 1401 quod
2213 1306 2281 1371 in
2299 1308 2483 1403 poris
2499 1300 2681 1384 latet,
2703 1323 2994 1397 compo-

553 1408 684 1484 sito
710 1407 974 1478 tertium
994 1400 1158 1500 quid
1177 1427 1398 1475 ortum
1413 1403 1534 1477 effi:
1560 1329 1912 1489 ‘udicagm
1931 1410 2112 1500 cujus
2131 1398 2416 1474 extensio
2435 1407 2653 1501 major
2673 1400 2774 1488 sit,
2789 1396 2997 1497 quim

559 1508 747 1614 panis
779 1528 918 1577 erat
945 1501 1035 1573 ab
1058 1501 1175 1575 illo
1209 1500 1488 1578 humido
1504 1432 1715 1577 liberi.
1768 1501 1985 1674 de
2003 1528 2223 1575 autem
2243 1499 2377 1574 hoc
2398 1511 2605 1599 majus
2627 1498 2954 1574 extensum
2976 1549 3007 1586 „
3045 1529 3056 1539 ·

564 1635 642 1681 ex
665 1630 834 1708 pane
857 1613 924 1677 ὅ(
947 1604 1115 1677 Ῑειᾶε
1139 1603 1585 1704 compositum
1603 1649 1630 1682 ‚
1657 1610 1841 1704 panis
1890 1605 1998 1675 ere
2012 1627 2262 1676 nomen
2274 1609 2506 1676 retinet
2524 1655 2546 1689 ,
2578 1601 2648 1675 id
2661 1604 3002 1675 neminem

569 1730 843 1781 movete
881 1704 1100 1806 potest
1115 1756 1137 1789 ,
1169 1702 1287 1776 nisi
1369 1708 1432 1774 ui
1466 1699 1777 1776 sermonis
1810 1700 1997 1775 usum
2018 1704 2054 1777 ὲ
2075 1709 2170 1775 rei
2182 1709 2451 1777 veritate
2474 1700 2663 1776 distin
2713 1700 3010 1774 nendum

574 1804 697 1882 esse
713 1804 959 1878 inficias
978 1807 1165 1876 iverit
1180 1857 1202 1890 ‚
1220 1810 1290 1877 &
1332 1802 1671 1902 ubjeoimm
1687 1801 2251 1877 denominationis
2266 1810 2527 1907 Logicae
2542 1803 2581 1877 a
2594 1732 2893 1905 sugjesto
2906 1805 3008 1873 in-

579 1902 874 1983 hizfionis
895 1901 1180 2001 Phyficae
1198 1900 1554 1977 discernere
1571 1898 1932 1978 nesciverit.

680 2035 753 2107 9,
805 2008 1050 2099 Lignum
1076 2028 1246 2106 pane
1273 2003 1428 2078 licet
1465 2002 1684 2077 durius
1718 2000 1793 2077 sit
1819 2058 1840 2091 ‚
1871 2001 2058 2077 simili
2079 2028 2300 2080 tamen
2317 2005 2532 2079 modo
2551 2031 2703 2078 cum
2725 2031 2895 2105 aqua
2908 1999 3017 2097 yel

585 2112 730 2193 ait‘re
755 2098 1113 2203 vaporibus
1132 2128 1318 2200 aquae
1379 2105 1534 2177 leno
1550 2149 1573 2184 ‚
1609 2109 1724 2203 qui
1740 2109 1810 2181 in
1825 2102 2033 2209 poros
2056 2113 2198 2205 ejus
2219 2102 2284 2180 se
2302 2104 2628 2180 insinuans
2644 2113 3023 2207 partesvejus

589 2204 920 2291 distendit,
941 2213 1150 2301 majus
1166 2230 1306 2302 quo
1358 2205 1514 2280 dam
1536 2203 1865 2281 extensum
1883 2212 2251 2310 componit.
2293 2207 2497 2285 Unde
2511 2219 2719 2309 janua:
2734 2218 2804 2283 &
2821 2203 3019 2282 valvae

587 2315 660 2383 in
690 2313 835 2380 aste
857 2304 1141 2378 humido
1161 2307 1489 2382 interdum
1510 2334 1547 2377 a
1596 2313 1744 2381 eriri
1763 2317 1834 2384 &
1849 2307 2068 2381 claudi
2085 2333 2224 2382 non
2242 2309 2526 2409 possunt.
2581 2314 2663 2382 Et
2682 2308 3023 2396 doliorum

591 2408 857 2484 asseres,
894 2402 1133 2506 quibus
1163 2404 1486 2483 exsiccatis
1518 2335 1697 2481 <solia
1729 2406 1967 2485 rimofit
1987 2408 2315 2484 evaserant
2335 2464 2359 2500 ,
2392 2437 2575 2511 aquae
2606 2407 2891 2483 immersi
2912 2407 3026 2482 di-

487 2523 498 2532 '
593 2510 900 2584 latantur.
958 2512 1150 2583 Panis
1178 2514 1464 2585 triticeus
1481 2566 1503 2597 ,
1532 2516 1683 2609 quia
1700 2507 2085 2584 mollior'est
2101 2509 2385 2586 humido
2401 2511 2561 2605 caelo
2582 2511 2783 2610 quim
2804 2509 2982 2584 ficeo
2996 2550 3028 2589 >

595 2611 888 2687 eundem
909 2636 1260 2710 aquearum
1275 2608 1743 2712 particularum
1756 2619 1829 2686 in
1845 2639 2052 2715 poros
2067 2612 2410 2716 ingressum
2427 2613 2804 2704 confirmat.

702 2739 732 2787 1
748 2742 814 2787 ο.
870 2709 1302 2785 Durissimum
1321 2711 1551 2807 ferrum
1588 2714 1680 2785 est
1712 2759 1734 2795 ‚
1757 2711 1763 2719 ’
1788 2721 1952 2816 ignis
1974 2738 2200 2788 autem
2230 2715 2531 2800 minime,
2572 2722 2643 2787 δε
2679 2735 2902 2800 tamen
2935 2706 3031 2800 ab

602 2812 737 2884 hoc
767 2811 937 2883 illius
970 2819 1121 2910 poti
1153 2812 1325 2883 adeo
1347 2836 1701 2915 augentur,
1743 2839 1814 2887 ut
1831 2812 2123 2916 partibus
2143 2815 2181 2889 εὶ
2198 2805 2256 2890 se
2275 2815 2559 2914 invicem
2573 2810 3035 2904 recedentibus

603 2907 812 3013 ipsum
832 2935 972 3006 non
987 2910 1200 2981 modo
1224 2909 1466 2982 ductile
1484 2911 1597 2985 fiat
1610 2959 1635 2990 ‚
1657 2911 1769 2986 sed
1790 2921 1987 2988 etiam
2000 2921 2068 2986 in
2089 2925 2412 3015 majorem
2430 2915 2655 2990 locum
2672 2911 3040 3017 protenda-

606 3035 731 3084 tur.
783 3015 1031 3108 Accipe
1061 3014 1233 3081 enim
1268 3004 1512 3080 ferrum
1530 3009 1900 3114 oblongum
1919 3018 2110 3114 eique
2130 3015 2435 3090 bacillum
2452 3016 2744 3119 ligneum
2763 3013 3038 3116 adaequa

610 3110 813 3211 quam
842 3134 1031 3211 potes
1062 3106 1558 3183 accuratissime.
1608 3114 1786 3184 Turn
1821 3112 2065 3188 fetrum
2088 3122 2157 3191 in
2177 3116 2464 3191 validum
2486 3122 2705 3220 ignem
2730 3119 2990 3214 conjice
3009 3167 3038 3204 ,

612 3235 685 3286 ut
716 3234 934 3281 totum
966 3206 1394 3285 incandescat.
1452 3216 1627 3283 Deni
1683 3237 1762 3284 ue
1794 3210 2045 3318 forcipe
2079 3243 2411 3310 exemtum
2430 3217 2659 3320 ligneo
2680 3217 2772 3290 illi
2790 3214 3042 3290 bacillo

609 3306 886 3386 vicissim
905 3309 1179 3410 applica.
1200 3309 1470 3385 Videbis
1485 3238 1765 3386 notacbil‘i
1786 3319 2041 3410 ratione
2058 3314 2303 3391 ferrum
2321 3313 2686 3407 excrevisse,
2705 3327 2775 3394 &
2795 3314 3041 3393 bacillo

612 3412 874 3512 lon-gius
899 3406 1149 3483 evafiffe
1170 3409 1309 3511 ipso
1328 3408 1501 3486 sensu
1515 3411 1991 3516 deprehendes.
2009 3423 2128 3490 Fac
2144 3418 2324 3492 idem
2336 3416 2579 3493 ferrum
2597 3416 3041 3520 refrigeretur.

610 3514 714 3598 ad,
737 3512 1064 3613 pristinam
1098 3517 1530 3612 quantitatem
1563 3514 1828 3591 redibit.
1879 3519 2227 3621 Quodque
2249 3521 2333 3595 de
2352 3519 2769 3624 longitudine
2781 3519 2893 3594 hic
2914 3518 3046 3602 ob-

615 3612 860 3687 servasti
884 3662 902 3689 .
920 3610 1340 3686 inlatitudine
1359 3638 1632 3713 quoque
1648 3623 1723 3690 δε
1736 3614 2188 3716 profunditate
2202 3621 2340 3696 fieri
2364 3620 2715 3725 cogitabis,
2732 3626 3047 3723 pateuim

614 3715 820 3785 bacin
834 3736 1016 3811 parte
1033 3713 1516 3790 dimensionum
1537 3722 1841 3791 omnium
1861 3721 1953 3792 est
1971 3728 2176 3815 ratio3
2207 3723 2325 3797 nisi
2347 3723 2530 3825 quod
2546 3729 2613 3794 in
2626 3719 3048 3823 exemplqal-

617 3816 791 3896 lato,
830 3811 989 3884 citrn
1019 3817 1174 3921 plus
1189 3812 1612 3919 longitudinis
1629 3813 1711 3889 sit
1731 3871 1754 3907 ,
1794 3819 2001 3922 quim
2022 3819 2493 3923 profitnditatis
2511 3843 2622 3904 aut
2641 3819 3053 3908 latitudiuis„

618 3916 849 4016 melius
875 3911 1598 4023 etiaminlongitudine
1622 3920 2379 4016 raresaeksioinuote‘scat.
2426 3928 2725 4009 Iit-nota..
2745 3923 3058 4095 qnia-amitis

871 4063 872 4066 ¹
1183 4049 1188 4052 ’
2829 4042 3059 4100 ξω
