<?xml version="1.0" encoding="UTF-8"?>
<!DOCTYPE html PUBLIC "-//W3C//DTD XHTML 1.0 Transitional//EN"
    "http://www.w3.org/TR/xhtml1/DTD/xhtml1-transitional.dtd">
<html xmlns="http://www.w3.org/1999/xhtml" xml:lang="en" lang="en">
 <head>
  <title>
</title>
<meta http-equiv="Content-Type" content="text/html;charset=utf-8" />
  <meta name='ocr-system' content='tesseract 3.04.00' />
  <meta name='ocr-capabilities' content='ocr_page ocr_carea ocr_par ocr_line ocrx_word'/>
</head>
<body>
  <div class='ocr_page' id='page_1' title='image "./johannisclauber00claugoog_0170.png"; bbox 0 0 3391 4418; ppageno 0'>
   <div class='ocr_carea' id='block_1_1' title="bbox 643 151 3148 4168">
    <p class='ocr_par' dir='ltr' id='par_1_1' title="bbox 648 151 3091 575">
     <span class='ocr_line' id='line_1_1' title="bbox 661 151 2897 263; baseline 0 -25"><span class='ocrx_word' id='word_1_1' title='bbox 661 167 817 263; x_wconf 83' lang='lat'>&#39;150</span> <span class='ocrx_word' id='word_1_2' title='bbox 1311 151 2391 249; x_wconf 58' lang='lat' dir='ltr'>Distu-tarro</span> <span class='ocrx_word' id='word_1_3' title='bbox 2896 218 2897 221; x_wconf 12' lang='grc' dir='ltr'><strong><em>κ</em></strong></span> 
     </span>
     <span class='ocr_line' id='line_1_2' title="bbox 648 256 3087 370; baseline -0.004 -28"><span class='ocrx_word' id='word_1_4' title='bbox 648 270 997 370; x_wconf 83' lang='lat' dir='ltr'>scriptione</span> <span class='ocrx_word' id='word_1_5' title='bbox 1033 311 1058 344; x_wconf 83' lang='lat'><em>‚</em></span> <span class='ocrx_word' id='word_1_6' title='bbox 1106 266 1471 339; x_wconf 70' lang='lat' dir='ltr'>accuratior</span> <span class='ocrx_word' id='word_1_7' title='bbox 1524 274 1596 339; x_wconf 79' lang='grc' dir='ltr'>δε</span> <span class='ocrx_word' id='word_1_8' title='bbox 1641 259 2095 367; x_wconf 78' lang='lat' dir='ltr'>philosophica</span> <span class='ocrx_word' id='word_1_9' title='bbox 2150 262 2452 336; x_wconf 87' lang='lat' dir='ltr'>definitio</span> <span class='ocrx_word' id='word_1_10' title='bbox 2488 261 2595 334; x_wconf 86' lang='lat' dir='ltr'>affi</span> <span class='ocrx_word' id='word_1_11' title='bbox 2692 283 2836 334; x_wconf 82' lang='lat' dir='ltr'>etur</span> <span class='ocrx_word' id='word_1_12' title='bbox 2870 256 2905 350; x_wconf 63' lang='grc' dir='ltr'><em>ζ</em></span> <span class='ocrx_word' id='word_1_13' title='bbox 2945 288 3087 364; x_wconf 53' lang='grc' dir='ltr'>(με</span> 
     </span>
     <span class='ocr_line' id='line_1_3' title="bbox 654 364 3091 470; baseline -0.002 -27"><span class='ocrx_word' id='word_1_14' title='bbox 654 369 742 444; x_wconf 84' lang='lat' dir='ltr'>fic</span> <span class='ocrx_word' id='word_1_15' title='bbox 774 377 909 470; x_wconf 83' lang='lat' dir='ltr'>ejus</span> <span class='ocrx_word' id='word_1_16' title='bbox 934 389 1231 441; x_wconf 88' lang='lat' dir='ltr'>naturam</span> <span class='ocrx_word' id='word_1_17' title='bbox 1265 364 1460 441; x_wconf 86' lang='lat' dir='ltr'>nobis</span> <span class='ocrx_word' id='word_1_18' title='bbox 1490 364 1777 440; x_wconf 78' lang='lat' dir='ltr'>declaret</span> <span class='ocrx_word' id='word_1_19' title='bbox 1798 420 1820 454; x_wconf 91' lang='lat'>,</span> <span class='ocrx_word' id='word_1_20' title='bbox 1849 388 1923 439; x_wconf 90' lang='lat' dir='ltr'>ut</span> <span class='ocrx_word' id='word_1_21' title='bbox 1947 366 2121 441; x_wconf 88' lang='lat' dir='ltr'>nulla</span> <span class='ocrx_word' id='word_1_22' title='bbox 2158 371 2227 436; x_wconf 92' lang='lat' dir='ltr'>in</span> <span class='ocrx_word' id='word_1_23' title='bbox 2258 387 2445 465; x_wconf 82' lang='lat' dir='ltr'>parte</span> <span class='ocrx_word' id='word_1_24' title='bbox 2482 390 2590 436; x_wconf 91' lang='lat' dir='ltr'>am</span> <span class='ocrx_word' id='word_1_25' title='bbox 2644 366 2879 463; x_wconf 87' lang='lat' dir='ltr'>iguitas</span> <span class='ocrx_word' id='word_1_26' title='bbox 2898 367 3091 439; x_wconf 88' lang='lat' dir='ltr'>relin-</span> 
     </span>
     <span class='ocr_line' id='line_1_4' title="bbox 660 493 3005 575; baseline -0.003 -33"><span class='ocrx_word' id='word_1_27' title='bbox 660 493 919 575; x_wconf 87' lang='lat' dir='ltr'>quatur.</span> <span class='ocrx_word' id='word_1_28' title='bbox 2419 547 2422 550; x_wconf 13' lang='lat'><strong>⁴</strong></span> <span class='ocrx_word' id='word_1_29' title='bbox 3002 532 3005 535; x_wconf 84' lang='lat'>.</span> 
     </span>
    </p>

    <p class='ocr_par' dir='ltr' id='par_1_2' title="bbox 650 563 3094 968">
     <span class='ocr_line' id='line_1_5' title="bbox 725 563 3093 667; baseline -0.003 -24"><span class='ocrx_word' id='word_1_30' title='bbox 725 642 736 651; x_wconf 75' lang='lat'>.</span> <span class='ocrx_word' id='word_1_31' title='bbox 765 598 830 643; x_wconf 86' lang='lat'>2.</span> <span class='ocrx_word' id='word_1_32' title='bbox 882 566 1207 641; x_wconf 81' lang='lat' dir='ltr'>Definitio</span> <span class='ocrx_word' id='word_1_33' title='bbox 1228 592 1447 642; x_wconf 91' lang='lat' dir='ltr'>autem</span> <span class='ocrx_word' id='word_1_34' title='bbox 1468 567 1789 667; x_wconf 83' lang='lat' dir='ltr'>explicans</span> <span class='ocrx_word' id='word_1_35' title='bbox 1804 611 1824 647; x_wconf 88' lang='lat'>‚</span> <span class='ocrx_word' id='word_1_36' title='bbox 1865 563 2029 664; x_wconf 90' lang='lat' dir='ltr'>quid</span> <span class='ocrx_word' id='word_1_37' title='bbox 2043 591 2160 665; x_wconf 87' lang='lat' dir='ltr'>per</span> <span class='ocrx_word' id='word_1_38' title='bbox 2180 588 2442 637; x_wconf 87' lang='lat' dir='ltr'>motum</span> <span class='ocrx_word' id='word_1_39' title='bbox 2461 588 2769 665; x_wconf 86' lang='lat' dir='ltr'>oporteat</span> <span class='ocrx_word' id='word_1_40' title='bbox 2782 564 3054 667; x_wconf 87' lang='lat' dir='ltr'>intelligi</span> <span class='ocrx_word' id='word_1_41' title='bbox 3068 619 3093 653; x_wconf 87' lang='lat'>,</span> 
     </span>
     <span class='ocr_line' id='line_1_6' title="bbox 662 664 3094 765; baseline -0.003 -21"><span class='ocrx_word' id='word_1_42' title='bbox 662 668 803 745; x_wconf 86' lang='lat' dir='ltr'>talis</span> <span class='ocrx_word' id='word_1_43' title='bbox 821 668 935 752; x_wconf 82' lang='lat' dir='ltr'>est,</span> <span class='ocrx_word' id='word_1_44' title='bbox 952 677 1133 740; x_wconf 75' lang='lat' dir='ltr'>Motus</span> <span class='ocrx_word' id='word_1_45' title='bbox 1153 667 1227 765; x_wconf 80' lang='lat' dir='ltr'>est</span> <span class='ocrx_word' id='word_1_46' title='bbox 1250 669 1541 765; x_wconf 66' lang='lat' dir='ltr'>transsatio</span> <span class='ocrx_word' id='word_1_47' title='bbox 1559 669 1723 738; x_wconf 82' lang='lat' dir='ltr'>unius</span> <span class='ocrx_word' id='word_1_48' title='bbox 1732 675 1909 762; x_wconf 75' lang='lat' dir='ltr'>partis</span> <span class='ocrx_word' id='word_1_49' title='bbox 1924 668 2327 760; x_wconf 75' lang='lat' dir='ltr'>materiae,five</span> <span class='ocrx_word' id='word_1_50' title='bbox 2342 668 2502 757; x_wconf 72' lang='lat' dir='ltr'>unius</span> <span class='ocrx_word' id='word_1_51' title='bbox 2520 671 2779 757; x_wconf 73' lang='lat' dir='ltr'>corporis,</span> <span class='ocrx_word' id='word_1_52' title='bbox 2792 689 2862 735; x_wconf 77' lang='lat' dir='ltr'>ex</span> <span class='ocrx_word' id='word_1_53' title='bbox 2881 664 3094 748; x_wconf 66' lang='lat' dir='ltr'>vicinia</span> 
     </span>
     <span class='ocr_line' id='line_1_7' title="bbox 662 764 3094 863; baseline -0.002 -22"><span class='ocrx_word' id='word_1_54' title='bbox 662 791 855 841; x_wconf 85' lang='lat' dir='ltr'>eorum</span> <span class='ocrx_word' id='word_1_55' title='bbox 886 785 1176 861; x_wconf 80' lang='lat' dir='ltr'>corporum</span> <span class='ocrx_word' id='word_1_56' title='bbox 1197 821 1218 853; x_wconf 90' lang='lat'>‚</span> <span class='ocrx_word' id='word_1_57' title='bbox 1254 791 1366 859; x_wconf 78' lang='lat' dir='ltr'>quae</span> <span class='ocrx_word' id='word_1_58' title='bbox 1399 767 1539 840; x_wconf 82' lang='lat' dir='ltr'>illud</span> <span class='ocrx_word' id='word_1_59' title='bbox 1569 764 1904 840; x_wconf 65' lang='lat' dir='ltr'>immediata}</span> <span class='ocrx_word' id='word_1_60' title='bbox 1939 769 2302 860; x_wconf 75' lang='lat' dir='ltr'>contingunt,</span> <span class='ocrx_word' id='word_1_61' title='bbox 2345 767 2418 843; x_wconf 62' lang='grc' dir='ltr'><strong><em>ἀ</em></strong></span> <span class='ocrx_word' id='word_1_62' title='bbox 2444 785 2725 858; x_wconf 79' lang='lat' dir='ltr'><em>tanquam</em></span> <span class='ocrx_word' id='word_1_63' title='bbox 2753 765 3094 863; x_wconf 72' lang='lat' dir='ltr'>quiescentia</span> 
     </span>
     <span class='ocr_line' id='line_1_8' title="bbox 650 868 2505 968; baseline -0.003 -30"><span class='ocrx_word' id='word_1_64' title='bbox 650 870 976 968; x_wconf 61' lang='lat' dir='ltr'>[pestutum</span> <span class='ocrx_word' id='word_1_65' title='bbox 995 909 1018 941; x_wconf 67' lang='lat'><strong>³</strong></span> <span class='ocrx_word' id='word_1_66' title='bbox 1050 868 1110 936; x_wconf 80' lang='lat' dir='ltr'>in</span> <span class='ocrx_word' id='word_1_67' title='bbox 1133 870 1404 940; x_wconf 75' lang='lat' dir='ltr'>viciniam</span> <span class='ocrx_word' id='word_1_68' title='bbox 1421 869 1690 937; x_wconf 81' lang='lat' dir='ltr'>aliorum.</span> <span class='ocrx_word' id='word_1_69' title='bbox 2504 944 2505 947; x_wconf 8' lang='grc' dir='ltr'><strong>Ἴ</strong></span> 
     </span>
    </p>

    <p class='ocr_par' dir='ltr' id='par_1_3' title="bbox 664 960 3096 1465">
     <span class='ocr_line' id='line_1_9' title="bbox 777 960 3096 1066; baseline -0 -31"><span class='ocrx_word' id='word_1_70' title='bbox 777 994 840 1058; x_wconf 77' lang='lat'>3.</span> <span class='ocrx_word' id='word_1_71' title='bbox 897 967 1071 1066; x_wconf 66' lang='lat' dir='ltr'>Qae&#39;</span> <span class='ocrx_word' id='word_1_72' title='bbox 1114 964 1411 1038; x_wconf 87' lang='lat' dir='ltr'>definitio</span> <span class='ocrx_word' id='word_1_73' title='bbox 1451 990 1525 1039; x_wconf 91' lang='lat' dir='ltr'>ut</span> <span class='ocrx_word' id='word_1_74' title='bbox 1539 962 1831 1066; x_wconf 66' lang='lat' dir='ltr'>perfecte</span> <span class='ocrx_word' id='word_1_75' title='bbox 1848 960 2280 1063; x_wconf 74' lang='lat' dir='ltr'>intelligatur,</span> <span class='ocrx_word' id='word_1_76' title='bbox 2315 984 2528 1060; x_wconf 86' lang='lat' dir='ltr'>partes</span> <span class='ocrx_word' id='word_1_77' title='bbox 2548 970 2686 1061; x_wconf 83' lang='lat' dir='ltr'>ejus</span> <span class='ocrx_word' id='word_1_78' title='bbox 2705 960 3096 1063; x_wconf 74' lang='lat' dir='ltr'>lingulasin-</span> 
     </span>
     <span class='ocr_line' id='line_1_10' title="bbox 668 1061 3091 1167; baseline -0.002 -25"><span class='ocrx_word' id='word_1_79' title='bbox 668 1064 1207 1167; x_wconf 86' lang='lat' dir='ltr'>terpretabimur‚</span> <span class='ocrx_word' id='word_1_80' title='bbox 1244 1072 1334 1140; x_wconf 89' lang='lat' dir='ltr'>ita</span> <span class='ocrx_word' id='word_1_81' title='bbox 1367 1088 1440 1137; x_wconf 86' lang='lat' dir='ltr'>ut</span> <span class='ocrx_word' id='word_1_82' title='bbox 1471 1088 1762 1165; x_wconf 84' lang='lat' dir='ltr'>quatuor</span> <span class='ocrx_word' id='word_1_83' title='bbox 1794 1065 1907 1136; x_wconf 84' lang='lat' dir='ltr'>ista</span> <span class='ocrx_word' id='word_1_84' title='bbox 1934 1062 2291 1135; x_wconf 87' lang='lat' dir='ltr'>admotum</span> <span class='ocrx_word' id='word_1_85' title='bbox 2311 1061 2766 1137; x_wconf 86' lang='lat' dir='ltr'>concurrentia</span> <span class='ocrx_word' id='word_1_86' title='bbox 2787 1061 3091 1137; x_wconf 58' lang='lat' dir='ltr'>distinet&amp;</span> 
     </span>
     <span class='ocr_line' id='line_1_11' title="bbox 664 1157 3091 1269; baseline -0.002 -30"><span class='ocrx_word' id='word_1_87' title='bbox 664 1162 1094 1269; x_wconf 81' lang='lat' dir='ltr'>penfitemus:</span> <span class='ocrx_word' id='word_1_88' title='bbox 1142 1193 1202 1241; x_wconf 87' lang='lat'>1.</span> <span class='ocrx_word' id='word_1_89' title='bbox 1235 1171 1620 1250; x_wconf 85' lang='lat' dir='ltr'>terminum,</span> <span class='ocrx_word' id='word_1_90' title='bbox 1660 1166 1695 1239; x_wconf 72' lang='grc' dir='ltr'>ὲ</span> <span class='ocrx_word' id='word_1_91' title='bbox 1738 1191 1877 1264; x_wconf 89' lang='lat' dir='ltr'>quo</span> <span class='ocrx_word' id='word_1_92' title='bbox 1913 1166 2147 1262; x_wconf 86' lang='lat' dir='ltr'>incipit</span> <span class='ocrx_word' id='word_1_93' title='bbox 2179 1183 2417 1234; x_wconf 89' lang='lat' dir='ltr'>motus.</span> <span class='ocrx_word' id='word_1_94' title='bbox 2480 1191 2545 1236; x_wconf 87' lang='lat'>2.</span> <span class='ocrx_word' id='word_1_95' title='bbox 2569 1165 2918 1235; x_wconf 83' lang='lat' dir='ltr'>terminum</span> <span class='ocrx_word' id='word_1_96' title='bbox 2932 1157 2955 1241; x_wconf 47' lang='grc' dir='ltr'>ξ</span> <span class='ocrx_word' id='word_1_97' title='bbox 3000 1158 3091 1233; x_wconf 91' lang='lat' dir='ltr'>ad</span> 
     </span>
     <span class='ocr_line' id='line_1_12' title="bbox 666 1257 3092 1367; baseline -0.002 -28"><span class='ocrx_word' id='word_1_98' title='bbox 666 1292 872 1367; x_wconf 88' lang='lat' dir='ltr'>quem</span> <span class='ocrx_word' id='word_1_99' title='bbox 888 1263 1117 1339; x_wconf 90' lang='lat' dir='ltr'>tendit.</span> <span class='ocrx_word' id='word_1_100' title='bbox 1149 1288 1218 1363; x_wconf 86' lang='lat'>3.</span> <span class='ocrx_word' id='word_1_101' title='bbox 1241 1260 1627 1359; x_wconf 48' lang='lat' dir='ltr'>subjeetum,</span> <span class='ocrx_word' id='word_1_102' title='bbox 1649 1264 1840 1365; x_wconf 91' lang='lat' dir='ltr'>quod</span> <span class='ocrx_word' id='word_1_103' title='bbox 1860 1262 1943 1335; x_wconf 88' lang='lat' dir='ltr'>ab</span> <span class='ocrx_word' id='word_1_104' title='bbox 1961 1290 2095 1337; x_wconf 94' lang='lat' dir='ltr'>uno</span> <span class='ocrx_word' id='word_1_105' title='bbox 2119 1266 2401 1334; x_wconf 83' lang='lat' dir='ltr'>termino</span> <span class='ocrx_word' id='word_1_106' title='bbox 2418 1262 2502 1334; x_wconf 90' lang='lat' dir='ltr'>ad</span> <span class='ocrx_word' id='word_1_107' title='bbox 2520 1263 2716 1335; x_wconf 86' lang='lat' dir='ltr'>alium</span> <span class='ocrx_word' id='word_1_108' title='bbox 2736 1257 3092 1334; x_wconf 86' lang='lat' dir='ltr'>transduci-</span> 
     </span>
     <span class='ocr_line' id='line_1_13' title="bbox 668 1359 3092 1465; baseline -0.004 -24"><span class='ocrx_word' id='word_1_109' title='bbox 668 1388 870 1462; x_wconf 83' lang='lat' dir='ltr'>tur.4.</span> <span class='ocrx_word' id='word_1_110' title='bbox 887 1361 1088 1465; x_wconf 86' lang='lat' dir='ltr'>ipsam</span> <span class='ocrx_word' id='word_1_111' title='bbox 1108 1361 1286 1439; x_wconf 87' lang='lat' dir='ltr'>illam</span> <span class='ocrx_word' id='word_1_112' title='bbox 1308 1364 1891 1463; x_wconf 69' lang='lat' dir='ltr'>traduffionem,in</span> <span class='ocrx_word' id='word_1_113' title='bbox 1907 1390 2038 1465; x_wconf 87' lang='lat' dir='ltr'>qua</span> <span class='ocrx_word' id='word_1_114' title='bbox 2054 1368 2219 1434; x_wconf 86' lang='lat' dir='ltr'>tatio</span> <span class='ocrx_word' id='word_1_115' title='bbox 2234 1359 2524 1435; x_wconf 82' lang='lat' dir='ltr'>formalis</span> <span class='ocrx_word' id='word_1_116' title='bbox 2539 1385 2767 1435; x_wconf 89' lang='lat' dir='ltr'>motus</span> <span class='ocrx_word' id='word_1_117' title='bbox 2783 1360 3092 1437; x_wconf 83' lang='lat' dir='ltr'>confistit.</span> 
     </span>
    </p>

    <p class='ocr_par' dir='ltr' id='par_1_4' title="bbox 660 1456 3148 1863">
     <span class='ocr_line' id='line_1_14' title="bbox 761 1456 3092 1565; baseline -0.003 -26"><span class='ocrx_word' id='word_1_118' title='bbox 761 1496 832 1559; x_wconf 87' lang='lat'>4.</span> <span class='ocrx_word' id='word_1_119' title='bbox 886 1461 1272 1565; x_wconf 82' lang='lat' dir='ltr'>Incipientes</span> <span class='ocrx_word' id='word_1_120' title='bbox 1301 1466 1337 1535; x_wconf 70' lang='lat' dir='ltr'>a</span> <span class='ocrx_word' id='word_1_121' title='bbox 1374 1464 1568 1540; x_wconf 88' lang='lat' dir='ltr'>tertio</span> <span class='ocrx_word' id='word_1_122' title='bbox 1603 1456 1918 1559; x_wconf 81' lang='lat' dir='ltr'>dicimus3</span> <span class='ocrx_word' id='word_1_123' title='bbox 1956 1484 2219 1536; x_wconf 89' lang='lat' dir='ltr'>motum</span> <span class='ocrx_word' id='word_1_124' title='bbox 2257 1460 2379 1534; x_wconf 81' lang='lat' dir='ltr'>effe</span> <span class='ocrx_word' id='word_1_125' title='bbox 2411 1467 2479 1535; x_wconf 91' lang='lat' dir='ltr'>in</span> <span class='ocrx_word' id='word_1_126' title='bbox 2514 1488 2651 1534; x_wconf 89' lang='lat' dir='ltr'>uno</span> <span class='ocrx_word' id='word_1_127' title='bbox 2683 1462 2907 1563; x_wconf 90' lang='lat' dir='ltr'>aliquo</span> <span class='ocrx_word' id='word_1_128' title='bbox 2938 1487 3092 1532; x_wconf 86' lang='lat' dir='ltr'>eor-</span> 
     </span>
     <span class='ocr_line' id='line_1_15' title="bbox 664 1559 3083 1667; baseline -0.001 -30"><span class='ocrx_word' id='word_1_129' title='bbox 664 1590 830 1667; x_wconf 88' lang='lat' dir='ltr'>pore</span> <span class='ocrx_word' id='word_1_130' title='bbox 850 1610 872 1651; x_wconf 80' lang='lat'><strong>,</strong></span> <span class='ocrx_word' id='word_1_131' title='bbox 907 1562 1010 1637; x_wconf 88' lang='lat' dir='ltr'>seu</span> <span class='ocrx_word' id='word_1_132' title='bbox 1049 1570 1116 1635; x_wconf 91' lang='lat' dir='ltr'>in</span> <span class='ocrx_word' id='word_1_133' title='bbox 1152 1591 1282 1638; x_wconf 90' lang='lat' dir='ltr'>una</span> <span class='ocrx_word' id='word_1_134' title='bbox 1320 1560 1533 1666; x_wconf 77' lang='lat' dir='ltr'>aliqua</span> <span class='ocrx_word' id='word_1_135' title='bbox 1562 1589 1746 1665; x_wconf 85' lang='lat' dir='ltr'>parte</span> <span class='ocrx_word' id='word_1_136' title='bbox 1781 1566 2060 1637; x_wconf 77' lang='lat' dir='ltr'>materia:</span> <span class='ocrx_word' id='word_1_137' title='bbox 2087 1561 2429 1637; x_wconf 73' lang='lat' dir='ltr'>mundanae</span> <span class='ocrx_word' id='word_1_138' title='bbox 2449 1618 2471 1649; x_wconf 88' lang='lat'>,</span> <span class='ocrx_word' id='word_1_139' title='bbox 2501 1560 2595 1635; x_wconf 94' lang='lat' dir='ltr'>ob</span> <span class='ocrx_word' id='word_1_140' title='bbox 2621 1559 2839 1635; x_wconf 84' lang='lat' dir='ltr'>causas</span> <span class='ocrx_word' id='word_1_141' title='bbox 2863 1560 2962 1635; x_wconf 88' lang='lat' dir='ltr'>th.</span> <span class='ocrx_word' id='word_1_142' title='bbox 3005 1587 3030 1634; x_wconf 80' lang='grc' dir='ltr'><strong><em>ι</em></strong></span> <span class='ocrx_word' id='word_1_143' title='bbox 3053 1586 3083 1633; x_wconf 84' lang='lat'>1</span> 
     </span>
     <span class='ocr_line' id='line_1_16' title="bbox 664 1661 3095 1765; baseline -0.001 -28"><span class='ocrx_word' id='word_1_144' title='bbox 664 1661 972 1737; x_wconf 73' lang='lat' dir='ltr'>differ-tat.</span> <span class='ocrx_word' id='word_1_145' title='bbox 1011 1664 1291 1764; x_wconf 70' lang='lat' dir='ltr'>praeced.</span> <span class='ocrx_word' id='word_1_146' title='bbox 1313 1665 1550 1736; x_wconf 85' lang='lat' dir='ltr'>allatas.</span> <span class='ocrx_word' id='word_1_147' title='bbox 1605 1669 1690 1735; x_wconf 84' lang='lat' dir='ltr'>Et</span> <span class='ocrx_word' id='word_1_148' title='bbox 1709 1669 1942 1757; x_wconf 79' lang='lat' dir='ltr'>corporis</span> <span class='ocrx_word' id='word_1_149' title='bbox 1964 1666 2235 1735; x_wconf 90' lang='lat' dir='ltr'>nomine</span> <span class='ocrx_word' id='word_1_150' title='bbox 2264 1661 2369 1753; x_wconf 84' lang='lat' dir='ltr'>hic</span> <span class='ocrx_word' id='word_1_151' title='bbox 2387 1661 2820 1765; x_wconf 77' lang='lat' dir='ltr'>significamus</span> <span class='ocrx_word' id='word_1_152' title='bbox 2834 1667 3095 1763; x_wconf 87' lang='lat' dir='ltr'>portio-</span> 
     </span>
     <span class='ocr_line' id='line_1_17' title="bbox 660 1759 3148 1863; baseline -0.001 -26"><span class='ocrx_word' id='word_1_153' title='bbox 660 1778 815 1837; x_wconf 86' lang='lat' dir='ltr'>nein</span> <span class='ocrx_word' id='word_1_154' title='bbox 840 1762 1140 1836; x_wconf 79' lang='lat' dir='ltr'>universae</span> <span class='ocrx_word' id='word_1_155' title='bbox 1167 1764 1448 1836; x_wconf 82' lang='lat' dir='ltr'>materiae</span> <span class='ocrx_word' id='word_1_156' title='bbox 1464 1818 1485 1851; x_wconf 92' lang='lat'>‚</span> <span class='ocrx_word' id='word_1_157' title='bbox 1515 1788 1660 1860; x_wconf 81' lang='lat' dir='ltr'>quae</span> <span class='ocrx_word' id='word_1_158' title='bbox 1683 1786 1859 1834; x_wconf 85' lang='lat' dir='ltr'>certa</span> <span class='ocrx_word' id='word_1_159' title='bbox 1881 1772 1950 1835; x_wconf 73' lang='grc' dir='ltr'>δε</span> <span class='ocrx_word' id='word_1_160' title='bbox 1970 1761 2288 1863; x_wconf 86' lang='lat' dir='ltr'>peculiari</span> <span class='ocrx_word' id='word_1_161' title='bbox 2308 1759 2638 1862; x_wconf 71' lang='lat' dir='ltr'>superficIe</span> <span class='ocrx_word' id='word_1_162' title='bbox 2658 1768 3022 1835; x_wconf 76' lang='lat' dir='ltr'>coe‘rcetur.</span> <span class='ocrx_word' id='word_1_163' title='bbox 3122 1808 3148 1827; x_wconf 84' lang='lat'>.-</span> 
     </span>
    </p>

    <p class='ocr_par' dir='ltr' id='par_1_5' title="bbox 656 1860 3100 3461">
     <span class='ocr_line' id='line_1_18' title="bbox 766 1860 3094 1964; baseline -0.001 -28"><span class='ocrx_word' id='word_1_164' title='bbox 766 1891 829 1959; x_wconf 89' lang='lat'>5.</span> <span class='ocrx_word' id='word_1_165' title='bbox 887 1868 971 1934; x_wconf 84' lang='lat' dir='ltr'>Et</span> <span class='ocrx_word' id='word_1_166' title='bbox 1007 1862 1277 1961; x_wconf 90' lang='lat' dir='ltr'>quidem</span> <span class='ocrx_word' id='word_1_167' title='bbox 1312 1889 1431 1964; x_wconf 86' lang='lat' dir='ltr'>per</span> <span class='ocrx_word' id='word_1_168' title='bbox 1458 1887 1632 1934; x_wconf 79' lang='lat' dir='ltr'>unum</span> <span class='ocrx_word' id='word_1_169' title='bbox 1662 1888 1781 1933; x_wconf 88' lang='lat' dir='ltr'>cor</span> <span class='ocrx_word' id='word_1_170' title='bbox 1831 1889 1903 1934; x_wconf 90' lang='lat' dir='ltr'>us</span> <span class='ocrx_word' id='word_1_171' title='bbox 1934 1860 2349 1963; x_wconf 83' lang='lat' dir='ltr'>intelligimus</span> <span class='ocrx_word' id='word_1_172' title='bbox 2381 1862 2450 1935; x_wconf 89' lang='lat' dir='ltr'>id</span> <span class='ocrx_word' id='word_1_173' title='bbox 2483 1888 2684 1934; x_wconf 88' lang='lat' dir='ltr'>omne</span> <span class='ocrx_word' id='word_1_174' title='bbox 2699 1863 2886 1962; x_wconf 88' lang='lat' dir='ltr'>quod</span> <span class='ocrx_word' id='word_1_175' title='bbox 2906 1860 3094 1934; x_wconf 87' lang='lat' dir='ltr'>fimul</span> 
     </span>
     <span class='ocr_line' id='line_1_19' title="bbox 666 1889 3096 2064; baseline -0 -28"><span class='ocrx_word' id='word_1_176' title='bbox 666 1959 1080 2041; x_wconf 82' lang='lat' dir='ltr'>transfertur,</span> <span class='ocrx_word' id='word_1_177' title='bbox 1123 1986 1318 2062; x_wconf 90' lang='lat' dir='ltr'>atque</span> <span class='ocrx_word' id='word_1_178' title='bbox 1354 1970 1438 2034; x_wconf 86' lang='lat' dir='ltr'>ita</span> <span class='ocrx_word' id='word_1_179' title='bbox 1469 1961 1646 2035; x_wconf 89' lang='lat' dir='ltr'>velut</span> <span class='ocrx_word' id='word_1_180' title='bbox 1674 1889 2028 2035; x_wconf 54' lang='lat' dir='ltr'>indivisum</span> <span class='ocrx_word' id='word_1_181' title='bbox 2065 1960 2429 2061; x_wconf 66' lang='lat' dir='ltr'>spectatur,</span> <span class='ocrx_word' id='word_1_182' title='bbox 2466 1961 2713 2036; x_wconf 73' lang='lat' dir='ltr'>etiamsi</span> <span class='ocrx_word' id='word_1_183' title='bbox 2733 1962 2869 2053; x_wconf 92' lang='lat' dir='ltr'>hoc</span> <span class='ocrx_word' id='word_1_184' title='bbox 2887 1959 3096 2064; x_wconf 80' lang='lat' dir='ltr'>ipsum</span> 
     </span>
     <span class='ocr_line' id='line_1_20' title="bbox 662 2056 3095 2161; baseline 0.001 -27"><span class='ocrx_word' id='word_1_185' title='bbox 662 2059 868 2134; x_wconf 82' lang='lat' dir='ltr'>rursus</span> <span class='ocrx_word' id='word_1_186' title='bbox 884 2060 1174 2131; x_wconf 84' lang='lat' dir='ltr'>constare</span> <span class='ocrx_word' id='word_1_187' title='bbox 1190 2056 1392 2161; x_wconf 86' lang='lat' dir='ltr'>poffit</span> <span class='ocrx_word' id='word_1_188' title='bbox 1405 2086 1482 2132; x_wconf 86' lang='lat' dir='ltr'>ex</span> <span class='ocrx_word' id='word_1_189' title='bbox 1499 2061 1716 2132; x_wconf 88' lang='lat' dir='ltr'>multis</span> <span class='ocrx_word' id='word_1_190' title='bbox 1732 2060 2096 2133; x_wconf 86' lang='lat' dir='ltr'>minoribus</span> <span class='ocrx_word' id='word_1_191' title='bbox 2108 2059 2423 2160; x_wconf 87' lang='lat' dir='ltr'>partibus,</span> <span class='ocrx_word' id='word_1_192' title='bbox 2439 2088 2580 2161; x_wconf 86' lang='lat' dir='ltr'>quae</span> <span class='ocrx_word' id='word_1_193' title='bbox 2599 2062 2761 2135; x_wconf 86' lang='lat' dir='ltr'>alios</span> <span class='ocrx_word' id='word_1_194' title='bbox 2782 2061 2926 2137; x_wconf 70' lang='lat' dir='ltr'>inssse</span> <span class='ocrx_word' id='word_1_195' title='bbox 2941 2058 3095 2136; x_wconf 79' lang='lat' dir='ltr'>rno-</span> 
     </span>
     <span class='ocr_line' id='line_1_21' title="bbox 665 2157 3100 2266; baseline 0.002 -37"><span class='ocrx_word' id='word_1_196' title='bbox 665 2185 768 2236; x_wconf 87' lang='lat' dir='ltr'>tus</span> <span class='ocrx_word' id='word_1_197' title='bbox 788 2157 1073 2237; x_wconf 84' lang='lat' dir='ltr'>habent,</span> <span class='ocrx_word' id='word_1_198' title='bbox 1107 2181 1337 2261; x_wconf 80' lang='lat' dir='ltr'>praeter</span> <span class='ocrx_word' id='word_1_199' title='bbox 1352 2185 1781 2233; x_wconf 90' lang='lat' dir='ltr'>communem</span> <span class='ocrx_word' id='word_1_200' title='bbox 1802 2159 1985 2235; x_wconf 89' lang='lat' dir='ltr'>illum</span> <span class='ocrx_word' id='word_1_201' title='bbox 2002 2209 2025 2240; x_wconf 82' lang='lat'>‚</span> <span class='ocrx_word' id='word_1_202' title='bbox 2052 2166 2250 2259; x_wconf 85' lang='lat' dir='ltr'>quem</span> <span class='ocrx_word' id='word_1_203' title='bbox 2270 2167 2516 2236; x_wconf 67' lang='lat' dir='ltr'>cunctat</span> <span class='ocrx_word' id='word_1_204' title='bbox 2527 2169 2915 2266; x_wconf 86' lang='lat' dir='ltr'>participant</span> <span class='ocrx_word' id='word_1_205' title='bbox 2937 2217 2959 2252; x_wconf 88' lang='lat'><em>,</em></span> <span class='ocrx_word' id='word_1_206' title='bbox 2975 2161 3100 2240; x_wconf 86' lang='lat' dir='ltr'>fibi</span> 
     </span>
     <span class='ocr_line' id='line_1_22' title="bbox 661 2259 3097 2363; baseline 0.002 -31"><span class='ocrx_word' id='word_1_207' title='bbox 661 2266 992 2363; x_wconf 78' lang='lat' dir='ltr'>proprios.</span> <span class='ocrx_word' id='word_1_208' title='bbox 1045 2263 1151 2331; x_wconf 82' lang='lat' dir='ltr'>Ex.</span> <span class='ocrx_word' id='word_1_209' title='bbox 1185 2285 1277 2360; x_wconf 85' lang='lat' dir='ltr'>gr.</span> <span class='ocrx_word' id='word_1_210' title='bbox 1307 2260 1467 2334; x_wconf 91' lang='lat' dir='ltr'>dum</span> <span class='ocrx_word' id='word_1_211' title='bbox 1491 2287 1729 2362; x_wconf 89' lang='lat' dir='ltr'>corpus</span> <span class='ocrx_word' id='word_1_212' title='bbox 1756 2260 2041 2336; x_wconf 85' lang='lat' dir='ltr'>hominis</span> <span class='ocrx_word' id='word_1_213' title='bbox 2061 2286 2366 2334; x_wconf 90' lang='lat' dir='ltr'>movetur</span> <span class='ocrx_word' id='word_1_214' title='bbox 2388 2306 2412 2340; x_wconf 88' lang='lat'>‚</span> <span class='ocrx_word' id='word_1_215' title='bbox 2447 2259 2634 2337; x_wconf 74' lang='lat' dir='ltr'>simul</span> <span class='ocrx_word' id='word_1_216' title='bbox 2654 2291 2807 2337; x_wconf 90' lang='lat' dir='ltr'>cum</span> <span class='ocrx_word' id='word_1_217' title='bbox 2838 2288 2924 2336; x_wconf 87' lang='lat' dir='ltr'>eo</span> <span class='ocrx_word' id='word_1_218' title='bbox 2954 2260 3097 2336; x_wconf 88' lang='lat' dir='ltr'>san·</span> 
     </span>
     <span class='ocr_line' id='line_1_23' title="bbox 663 2355 3091 2466; baseline 0.002 -34"><span class='ocrx_word' id='word_1_219' title='bbox 663 2366 805 2463; x_wconf 87' lang='lat' dir='ltr'>guis</span> <span class='ocrx_word' id='word_1_220' title='bbox 829 2416 847 2444; x_wconf 95' lang='lat'>‚</span> <span class='ocrx_word' id='word_1_221' title='bbox 883 2355 1130 2460; x_wconf 79' lang='lat' dir='ltr'>spiritus</span> <span class='ocrx_word' id='word_1_222' title='bbox 1153 2413 1175 2446; x_wconf 86' lang='lat'>,</span> <span class='ocrx_word' id='word_1_223' title='bbox 1219 2360 1440 2448; x_wconf 88' lang='lat' dir='ltr'>oculi,</span> <span class='ocrx_word' id='word_1_224' title='bbox 1472 2362 1692 2464; x_wconf 88' lang='lat' dir='ltr'>lingua</span> <span class='ocrx_word' id='word_1_225' title='bbox 1720 2415 1741 2446; x_wconf 88' lang='lat'>‚</span> <span class='ocrx_word' id='word_1_226' title='bbox 1779 2386 2009 2434; x_wconf 86' lang='lat' dir='ltr'>manus</span> <span class='ocrx_word' id='word_1_227' title='bbox 2032 2385 2384 2436; x_wconf 84' lang='lat' dir='ltr'>moventur</span> <span class='ocrx_word' id='word_1_228' title='bbox 2403 2416 2426 2445; x_wconf 87' lang='lat'><strong>,</strong></span> <span class='ocrx_word' id='word_1_229' title='bbox 2464 2389 2607 2463; x_wconf 81' lang='lat' dir='ltr'>qua:</span> <span class='ocrx_word' id='word_1_230' title='bbox 2625 2389 2836 2466; x_wconf 83' lang='lat' dir='ltr'>partes</span> <span class='ocrx_word' id='word_1_231' title='bbox 2856 2390 3091 2450; x_wconf 77' lang='lat' dir='ltr'>omnes</span> 
     </span>
     <span class='ocr_line' id='line_1_24' title="bbox 659 2458 3092 2566; baseline 0.002 -33"><span class='ocrx_word' id='word_1_232' title='bbox 659 2459 1019 2564; x_wconf 85' lang='lat' dir='ltr'>peculiares</span> <span class='ocrx_word' id='word_1_233' title='bbox 1051 2464 1312 2533; x_wconf 84' lang='lat' dir='ltr'>interim</span> <span class='ocrx_word' id='word_1_234' title='bbox 1349 2486 1573 2535; x_wconf 90' lang='lat' dir='ltr'>motus</span> <span class='ocrx_word' id='word_1_235' title='bbox 1602 2458 1891 2547; x_wconf 88' lang='lat' dir='ltr'>habent,</span> <span class='ocrx_word' id='word_1_236' title='bbox 1928 2485 2038 2534; x_wconf 89' lang='lat' dir='ltr'>aut</span> <span class='ocrx_word' id='word_1_237' title='bbox 2068 2487 2242 2536; x_wconf 85' lang='lat' dir='ltr'>certe</span> <span class='ocrx_word' id='word_1_238' title='bbox 2262 2460 2825 2564; x_wconf 77' lang='lat' dir='ltr'>habete&#39;poffunt‚</span> <span class='ocrx_word' id='word_1_239' title='bbox 2860 2490 3092 2566; x_wconf 77' lang='lat' dir='ltr'>praetet</span> 
     </span>
     <span class='ocr_line' id='line_1_25' title="bbox 661 2561 3091 2665; baseline 0.001 -31"><span class='ocrx_word' id='word_1_240' title='bbox 661 2587 817 2635; x_wconf 88' lang='lat' dir='ltr'>eum</span> <span class='ocrx_word' id='word_1_241' title='bbox 855 2585 1055 2662; x_wconf 88' lang='lat' dir='ltr'>quem</span> <span class='ocrx_word' id='word_1_242' title='bbox 1096 2586 1248 2635; x_wconf 89' lang='lat' dir='ltr'>cum</span> <span class='ocrx_word' id='word_1_243' title='bbox 1285 2585 1435 2636; x_wconf 91' lang='lat' dir='ltr'>toto</span> <span class='ocrx_word' id='word_1_244' title='bbox 1472 2587 1789 2662; x_wconf 88' lang='lat' dir='ltr'>corpote,</span> <span class='ocrx_word' id='word_1_245' title='bbox 1832 2570 2011 2664; x_wconf 81' lang='lat' dir='ltr'>cujus</span> <span class='ocrx_word' id='word_1_246' title='bbox 2028 2589 2243 2665; x_wconf 81' lang='lat' dir='ltr'>partes</span> <span class='ocrx_word' id='word_1_247' title='bbox 2275 2561 2460 2642; x_wconf 88' lang='lat' dir='ltr'>sunt,</span> <span class='ocrx_word' id='word_1_248' title='bbox 2508 2589 2935 2641; x_wconf 88' lang='lat' dir='ltr'>communem</span> <span class='ocrx_word' id='word_1_249' title='bbox 2958 2563 3091 2639; x_wconf 85' lang='lat' dir='ltr'>ob-</span> 
     </span>
     <span class='ocr_line' id='line_1_26' title="bbox 665 2687 3074 2736; baseline 0.001 0"><span class='ocrx_word' id='word_1_250' title='bbox 665 2687 902 2736; x_wconf 78' lang='lat' dir='ltr'>tinent.</span> <span class='ocrx_word' id='word_1_251' title='bbox 3067 2713 3074 2722; x_wconf 89' lang='lat'><strong>·</strong></span> 
     </span>
     <span class='ocr_line' id='line_1_27' title="bbox 765 2753 3087 2863; baseline 0.003 -30"><span class='ocrx_word' id='word_1_252' title='bbox 765 2775 834 2835; x_wconf 88' lang='lat'>6.</span> <span class='ocrx_word' id='word_1_253' title='bbox 875 2768 1100 2862; x_wconf 87' lang='lat' dir='ltr'>Atque</span> <span class='ocrx_word' id='word_1_254' title='bbox 1135 2767 1227 2835; x_wconf 89' lang='lat' dir='ltr'>ita</span> <span class='ocrx_word' id='word_1_255' title='bbox 1258 2764 1622 2837; x_wconf 74' lang='lat' dir='ltr'>accuratius</span> <span class='ocrx_word' id='word_1_256' title='bbox 1660 2760 2084 2861; x_wconf 84' lang='lat' dir='ltr'>explicuimus</span> <span class='ocrx_word' id='word_1_257' title='bbox 2115 2760 2323 2849; x_wconf 90' lang='lat' dir='ltr'>illud,</span> <span class='ocrx_word' id='word_1_258' title='bbox 2366 2761 2672 2863; x_wconf 88' lang='lat' dir='ltr'>quodvul</span> <span class='ocrx_word' id='word_1_259' title='bbox 2760 2753 2843 2841; x_wconf 74' lang='lat' dir='ltr'>tis</span> <span class='ocrx_word' id='word_1_260' title='bbox 2865 2789 3087 2840; x_wconf 76' lang='lat' dir='ltr'>motus</span> 
     </span>
     <span class='ocr_line' id='line_1_28' title="bbox 660 2794 3085 2966; baseline 0.003 -34"><span class='ocrx_word' id='word_1_261' title='bbox 660 2856 1049 2960; x_wconf 86' lang='lat' dir='ltr'>descriptio,</span> <span class='ocrx_word' id='word_1_262' title='bbox 1083 2884 1266 2955; x_wconf 80' lang='lat' dir='ltr'>corpus</span> <span class='ocrx_word' id='word_1_263' title='bbox 1290 2867 1521 2956; x_wconf 72' lang='lat' dir='ltr'>aliquod</span> <span class='ocrx_word' id='word_1_264' title='bbox 1542 2862 1952 2936; x_wconf 83' lang='lat' dir='ltr'>nominando</span> <span class='ocrx_word' id='word_1_265' title='bbox 1972 2908 1997 2941; x_wconf 85' lang='lat'>‚</span> <span class='ocrx_word' id='word_1_266' title='bbox 2037 2859 2363 2958; x_wconf 69' lang='lat' dir='ltr'>confusius</span> <span class='ocrx_word' id='word_1_267' title='bbox 2392 2794 2835 2966; x_wconf 52' lang='lat' dir='ltr'>proponffiat.</span> <span class='ocrx_word' id='word_1_268' title='bbox 2904 2867 3085 2944; x_wconf 82' lang='lat' dir='ltr'>Vide</span> 
     </span>
     <span class='ocr_line' id='line_1_29' title="bbox 659 2955 3085 3064; baseline 0.003 -32"><span class='ocrx_word' id='word_1_269' title='bbox 659 2955 867 3034; x_wconf 86' lang='lat' dir='ltr'>thcfin</span> <span class='ocrx_word' id='word_1_270' title='bbox 902 2960 1019 3030; x_wconf 88' lang='lat' dir='ltr'>ult.</span> <span class='ocrx_word' id='word_1_271' title='bbox 1042 2958 1385 3057; x_wconf 85' lang='lat' dir='ltr'>superioris</span> <span class='ocrx_word' id='word_1_272' title='bbox 1410 2958 1523 3031; x_wconf 85' lang='lat' dir='ltr'>dis</span> <span class='ocrx_word' id='word_1_273' title='bbox 1553 3015 1569 3032; x_wconf 91' lang='lat'><strong>.</strong></span> <span class='ocrx_word' id='word_1_274' title='bbox 1598 2970 1670 3033; x_wconf 75' lang='grc' dir='ltr'>δε</span> <span class='ocrx_word' id='word_1_275' title='bbox 1691 2986 1761 3033; x_wconf 87' lang='lat' dir='ltr'>ut</span> <span class='ocrx_word' id='word_1_276' title='bbox 1784 2963 2102 3064; x_wconf 87' lang='lat' dir='ltr'>intelligas</span> <span class='ocrx_word' id='word_1_277' title='bbox 2121 3018 2142 3050; x_wconf 86' lang='lat'>‚</span> <span class='ocrx_word' id='word_1_278' title='bbox 2189 2988 2386 3061; x_wconf 89' lang='lat' dir='ltr'>quare</span> <span class='ocrx_word' id='word_1_279' title='bbox 2399 2986 2623 3057; x_wconf 79' lang='lat' dir='ltr'>partem</span> <span class='ocrx_word' id='word_1_280' title='bbox 2640 2993 2814 3040; x_wconf 77' lang='lat' dir='ltr'>unam</span> <span class='ocrx_word' id='word_1_281' title='bbox 2837 2972 3085 3056; x_wconf 62' lang='lat' dir='ltr'>materia</span> 
     </span>
     <span class='ocr_line' id='line_1_30' title="bbox 657 2989 3080 3161; baseline 0.004 -31"><span class='ocrx_word' id='word_1_282' title='bbox 657 3060 791 3131; x_wconf 86' lang='lat' dir='ltr'>hoc</span> <span class='ocrx_word' id='word_1_283' title='bbox 833 3057 991 3129; x_wconf 92' lang='lat' dir='ltr'>loco</span> <span class='ocrx_word' id='word_1_284' title='bbox 1028 3056 1427 3157; x_wconf 86' lang='lat' dir='ltr'>appellemus</span> <span class='ocrx_word' id='word_1_285' title='bbox 1475 2989 1640 3130; x_wconf 71' lang='lat' dir='ltr'>iilud</span> <span class='ocrx_word' id='word_1_286' title='bbox 1676 3087 1914 3161; x_wconf 88' lang='lat' dir='ltr'>corpus</span> <span class='ocrx_word' id='word_1_287' title='bbox 1946 3115 1966 3146; x_wconf 89' lang='lat'>,</span> <span class='ocrx_word' id='word_1_288' title='bbox 2010 3060 2321 3140; x_wconf 86' lang='lat' dir='ltr'>attende,</span> <span class='ocrx_word' id='word_1_289' title='bbox 2356 3089 2481 3136; x_wconf 91' lang='lat' dir='ltr'>nos</span> <span class='ocrx_word' id='word_1_290' title='bbox 2512 3065 2729 3141; x_wconf 87' lang='lat' dir='ltr'>adhuc</span> <span class='ocrx_word' id='word_1_291' title='bbox 2766 3063 2991 3141; x_wconf 83' lang='lat' dir='ltr'>versati</span> <span class='ocrx_word' id='word_1_292' title='bbox 3013 3074 3080 3139; x_wconf 87' lang='lat' dir='ltr'>in</span> 
     </span>
     <span class='ocr_line' id='line_1_31' title="bbox 656 3154 3081 3269; baseline 0.005 -44"><span class='ocrx_word' id='word_1_293' title='bbox 656 3154 922 3249; x_wconf 71' lang='lat' dir='ltr'>Physica</span> <span class='ocrx_word' id='word_1_294' title='bbox 956 3158 1283 3256; x_wconf 84' lang='lat' dir='ltr'>generali,</span> <span class='ocrx_word' id='word_1_295' title='bbox 1319 3157 1430 3230; x_wconf 89' lang='lat' dir='ltr'>ubi</span> <span class='ocrx_word' id='word_1_296' title='bbox 1453 3165 1723 3230; x_wconf 86' lang='lat' dir='ltr'>materia</span> <span class='ocrx_word' id='word_1_297' title='bbox 1755 3214 1775 3245; x_wconf 89' lang='lat'>,</span> <span class='ocrx_word' id='word_1_298' title='bbox 1801 3160 2001 3233; x_wconf 86' lang='lat' dir='ltr'>veluti</span> <span class='ocrx_word' id='word_1_299' title='bbox 2027 3186 2227 3232; x_wconf 89' lang='lat' dir='ltr'>unum</span> <span class='ocrx_word' id='word_1_300' title='bbox 2253 3163 2682 3239; x_wconf 87' lang='lat' dir='ltr'>&amp;indivisum</span> <span class='ocrx_word' id='word_1_301' title='bbox 2703 3169 2857 3269; x_wconf 88' lang='lat' dir='ltr'>quid</span> <span class='ocrx_word' id='word_1_302' title='bbox 2882 3223 2907 3256; x_wconf 90' lang='lat'>,</span> <span class='ocrx_word' id='word_1_303' title='bbox 2938 3190 3081 3241; x_wconf 81' lang='lat' dir='ltr'>tan-</span> 
     </span>
     <span class='ocr_line' id='line_1_32' title="bbox 660 3252 3080 3370; baseline 0.005 -43"><span class='ocrx_word' id='word_1_304' title='bbox 660 3253 849 3357; x_wconf 85' lang='lat' dir='ltr'>tisper</span> <span class='ocrx_word' id='word_1_305' title='bbox 874 3252 1276 3329; x_wconf 72' lang='lat' dir='ltr'>considerata</span> <span class='ocrx_word' id='word_1_306' title='bbox 1307 3255 1456 3342; x_wconf 89' lang='lat' dir='ltr'>fuit,</span> <span class='ocrx_word' id='word_1_307' title='bbox 1496 3257 1661 3331; x_wconf 85' lang='lat' dir='ltr'>dum</span> <span class='ocrx_word' id='word_1_308' title='bbox 1682 3258 1768 3330; x_wconf 89' lang='lat' dir='ltr'>ad</span> <span class='ocrx_word' id='word_1_309' title='bbox 1798 3261 2433 3361; x_wconf 83' lang='lat' dir='ltr'>contemplationem</span> <span class='ocrx_word' id='word_1_310' title='bbox 2465 3289 2689 3341; x_wconf 86' lang='lat' dir='ltr'>motus</span> <span class='ocrx_word' id='word_1_311' title='bbox 2706 3272 3080 3370; x_wconf 85' lang='lat' dir='ltr'>pervenire-</span> 
     </span>
     <span class='ocr_line' id='line_1_33' title="bbox 656 3351 2028 3461; baseline -0.001 -28"><span class='ocrx_word' id='word_1_312' title='bbox 656 3382 778 3433; x_wconf 88' lang='lat' dir='ltr'>tur.</span> <span class='ocrx_word' id='word_1_313' title='bbox 838 3351 1098 3428; x_wconf 83' lang='lat' dir='ltr'>Confer</span> <span class='ocrx_word' id='word_1_314' title='bbox 1134 3354 1226 3430; x_wconf 85' lang='lat' dir='ltr'>th.</span> <span class='ocrx_word' id='word_1_315' title='bbox 1255 3387 1283 3455; x_wconf 90' lang='lat'>3</span> <span class='ocrx_word' id='word_1_316' title='bbox 1315 3354 1535 3458; x_wconf 87' lang='lat' dir='ltr'>&amp;seq.</span> <span class='ocrx_word' id='word_1_317' title='bbox 1573 3357 1687 3429; x_wconf 87' lang='lat' dir='ltr'>dis</span> <span class='ocrx_word' id='word_1_318' title='bbox 1721 3358 2028 3461; x_wconf 82' lang='lat' dir='ltr'>‚praeced.</span> 
     </span>
    </p>

    <p class='ocr_par' dir='ltr' id='par_1_6' title="bbox 644 3386 3078 3846">
     <span class='ocr_line' id='line_1_34' title="bbox 748 3386 3076 3560; baseline 0.006 -32"><span class='ocrx_word' id='word_1_319' title='bbox 748 3483 822 3555; x_wconf 89' lang='lat'>7.</span> <span class='ocrx_word' id='word_1_320' title='bbox 870 3461 1022 3552; x_wconf 89' lang='lat' dir='ltr'>Jam</span> <span class='ocrx_word' id='word_1_321' title='bbox 1056 3453 1141 3526; x_wconf 84' lang='lat' dir='ltr'>ad</span> <span class='ocrx_word' id='word_1_322' title='bbox 1173 3480 1477 3555; x_wconf 86' lang='lat' dir='ltr'>quartum</span> <span class='ocrx_word' id='word_1_323' title='bbox 1493 3386 1873 3553; x_wconf 11' lang='lat' dir='ltr'>*accedimus</span> <span class='ocrx_word' id='word_1_324' title='bbox 1894 3513 1915 3546; x_wconf 91' lang='lat'>‚</span> <span class='ocrx_word' id='word_1_325' title='bbox 1949 3457 2064 3530; x_wconf 91' lang='lat' dir='ltr'>ubi</span> <span class='ocrx_word' id='word_1_326' title='bbox 2087 3465 2431 3558; x_wconf 82' lang='lat' dir='ltr'>quaeritur,</span> <span class='ocrx_word' id='word_1_327' title='bbox 2469 3459 2794 3560; x_wconf 75' lang='lat' dir='ltr'>quidnam</span> <span class='ocrx_word' id='word_1_328' title='bbox 2820 3466 2979 3541; x_wconf 89' lang='lat' dir='ltr'>illud</span> <span class='ocrx_word' id='word_1_329' title='bbox 3000 3465 3076 3541; x_wconf 82' lang='lat' dir='ltr'>fit</span> 
     </span>
     <span class='ocr_line' id='line_1_35' title="bbox 649 3553 3077 3664; baseline 0.005 -35"><span class='ocrx_word' id='word_1_330' title='bbox 649 3563 721 3630; x_wconf 90' lang='lat' dir='ltr'>in</span> <span class='ocrx_word' id='word_1_331' title='bbox 748 3581 1028 3657; x_wconf 88' lang='lat' dir='ltr'>corpore</span> <span class='ocrx_word' id='word_1_332' title='bbox 1054 3553 1332 3643; x_wconf 87' lang='lat' dir='ltr'>mobili,</span> <span class='ocrx_word' id='word_1_333' title='bbox 1360 3583 1483 3657; x_wconf 88' lang='lat' dir='ltr'>pto</span> <span class='ocrx_word' id='word_1_334' title='bbox 1536 3579 1635 3631; x_wconf 88' lang='lat' dir='ltr'>ter</span> <span class='ocrx_word' id='word_1_335' title='bbox 1649 3561 1831 3659; x_wconf 89' lang='lat' dir='ltr'>quod</span> <span class='ocrx_word' id='word_1_336' title='bbox 1848 3566 2100 3632; x_wconf 88' lang='lat' dir='ltr'>moveri</span> <span class='ocrx_word' id='word_1_337' title='bbox 2122 3558 2358 3633; x_wconf 89' lang='lat' dir='ltr'>dicitur</span> <span class='ocrx_word' id='word_1_338' title='bbox 2378 3615 2399 3648; x_wconf 91' lang='lat'>‚</span> <span class='ocrx_word' id='word_1_339' title='bbox 2424 3559 2568 3649; x_wconf 90' lang='lat' dir='ltr'>seu,</span> <span class='ocrx_word' id='word_1_340' title='bbox 2602 3569 2670 3635; x_wconf 90' lang='lat' dir='ltr'>in</span> <span class='ocrx_word' id='word_1_341' title='bbox 2689 3591 2828 3664; x_wconf 90' lang='lat' dir='ltr'>quo</span> <span class='ocrx_word' id='word_1_342' title='bbox 2852 3588 3077 3642; x_wconf 84' lang='lat' dir='ltr'>motus</span> 
     </span>
     <span class='ocr_line' id='line_1_36' title="bbox 644 3587 3078 3829; baseline 0.007 -105"><span class='ocrx_word' id='word_1_343' title='bbox 644 3653 781 3829; x_wconf 56' lang='lat' dir='ltr'>{pse</span> <span class='ocrx_word' id='word_1_344' title='bbox 797 3682 1014 3727; x_wconf 86' lang='lat' dir='ltr'>revera</span> <span class='ocrx_word' id='word_1_345' title='bbox 1033 3653 1315 3730; x_wconf 76' lang='lat' dir='ltr'>consistit</span> <span class='ocrx_word' id='word_1_346' title='bbox 1337 3675 1358 3729; x_wconf 69' lang='grc' dir='ltr'><em>ἒ</em></span> <span class='ocrx_word' id='word_1_347' title='bbox 1376 3587 1572 3759; x_wconf 50' lang='lat' dir='ltr'>Regu</span> <span class='ocrx_word' id='word_1_348' title='bbox 1591 3659 1661 3729; x_wconf 90' lang='lat' dir='ltr'>id</span> <span class='ocrx_word' id='word_1_349' title='bbox 1674 3658 1796 3731; x_wconf 80' lang='lat' dir='ltr'>effe</span> <span class='ocrx_word' id='word_1_350' title='bbox 1812 3657 2009 3761; x_wconf 86' lang='lat' dir='ltr'>ipsam</span> <span class='ocrx_word' id='word_1_351' title='bbox 2021 3661 2464 3757; x_wconf 69' lang='lat' dir='ltr'>translationem,</span> <span class='ocrx_word' id='word_1_352' title='bbox 2480 3690 2619 3736; x_wconf 92' lang='lat' dir='ltr'>non</span> <span class='ocrx_word' id='word_1_353' title='bbox 2633 3672 2851 3740; x_wconf 68' lang='lat' dir='ltr'>astum</span> <span class='ocrx_word' id='word_1_354' title='bbox 2869 3692 3078 3742; x_wconf 89' lang='lat' dir='ltr'>trans-</span> 
     </span>
     <span class='ocr_line' id='line_1_37' title="bbox 676 3754 2006 3846; baseline 0.002 -19"><span class='ocrx_word' id='word_1_355' title='bbox 676 3759 912 3846; x_wconf 75' lang='lat' dir='ltr'>etentis</span> <span class='ocrx_word' id='word_1_356' title='bbox 935 3809 956 3842; x_wconf 90' lang='lat'><strong>,</strong></span> <span class='ocrx_word' id='word_1_357' title='bbox 1000 3782 1121 3828; x_wconf 90' lang='lat' dir='ltr'>nec</span> <span class='ocrx_word' id='word_1_358' title='bbox 1148 3754 1574 3841; x_wconf 83' lang='lat' dir='ltr'>transferendi</span> <span class='ocrx_word' id='word_1_359' title='bbox 1599 3756 2006 3831; x_wconf 85' lang='lat' dir='ltr'>facultatem.</span> 
     </span>
    </p>

    <p class='ocr_par' dir='ltr' id='par_1_7' title="bbox 643 3855 3079 4070">
     <span class='ocr_line' id='line_1_38' title="bbox 745 3855 3077 3961; baseline -0 -31"><span class='ocrx_word' id='word_1_360' title='bbox 745 3856 817 3931; x_wconf 90' lang='lat'>8.</span> <span class='ocrx_word' id='word_1_361' title='bbox 866 3858 1027 3928; x_wconf 91' lang='lat' dir='ltr'>Hoc</span> <span class='ocrx_word' id='word_1_362' title='bbox 1043 3855 1202 3930; x_wconf 80' lang='lat' dir='ltr'>duas</span> <span class='ocrx_word' id='word_1_363' title='bbox 1222 3855 1316 3928; x_wconf 90' lang='lat' dir='ltr'>ob</span> <span class='ocrx_word' id='word_1_364' title='bbox 1328 3858 1549 3933; x_wconf 82' lang='lat' dir='ltr'>causas</span> <span class='ocrx_word' id='word_1_365' title='bbox 1569 3857 1834 3932; x_wconf 89' lang='lat' dir='ltr'>inculco</span> <span class='ocrx_word' id='word_1_366' title='bbox 1854 3887 1872 3931; x_wconf 75' lang='lat' dir='ltr'>t</span> <span class='ocrx_word' id='word_1_367' title='bbox 1892 3857 2111 3959; x_wconf 78' lang='lat' dir='ltr'>primo</span> <span class='ocrx_word' id='word_1_368' title='bbox 2126 3902 2149 3935; x_wconf 75' lang='grc'>,</span> <span class='ocrx_word' id='word_1_369' title='bbox 2175 3882 2244 3930; x_wconf 86' lang='lat' dir='ltr'>ut</span> <span class='ocrx_word' id='word_1_370' title='bbox 2264 3857 2558 3961; x_wconf 86' lang='lat' dir='ltr'>hocipso</span> <span class='ocrx_word' id='word_1_371' title='bbox 2576 3860 2858 3952; x_wconf 76' lang='lat' dir='ltr'>doceam</span> <span class='ocrx_word' id='word_1_372' title='bbox 2881 3919 2904 3952; x_wconf 82' lang='lat'>‚</span> <span class='ocrx_word' id='word_1_373' title='bbox 2923 3892 3077 3946; x_wconf 76' lang='lat' dir='ltr'>mo.</span> 
     </span>
     <span class='ocr_line' id='line_1_39' title="bbox 643 3951 3079 4070; baseline 0.004 -41"><span class='ocrx_word' id='word_1_374' title='bbox 643 3977 782 4070; x_wconf 61' lang='lat' dir='ltr'>turn·</span> <span class='ocrx_word' id='word_1_375' title='bbox 807 3979 945 4031; x_wconf 78' lang='lat' dir='ltr'>non</span> <span class='ocrx_word' id='word_1_376' title='bbox 967 3959 1039 4030; x_wconf 86' lang='lat' dir='ltr'>in</span> <span class='ocrx_word' id='word_1_377' title='bbox 1059 3981 1343 4060; x_wconf 84' lang='lat' dir='ltr'>corpore</span> <span class='ocrx_word' id='word_1_378' title='bbox 1360 3981 1674 4036; x_wconf 70' lang='lat' dir='ltr'>movente</span> <span class='ocrx_word' id='word_1_379' title='bbox 1695 4004 1719 4038; x_wconf 72' lang='lat'><em>2</em></span> <span class='ocrx_word' id='word_1_380' title='bbox 1757 3982 2075 4062; x_wconf 79' lang='lat' dir='ltr'>quatenus</span> <span class='ocrx_word' id='word_1_381' title='bbox 2091 3956 2217 4033; x_wconf 82' lang='lat' dir='ltr'>tale</span> <span class='ocrx_word' id='word_1_382' title='bbox 2232 3959 2326 4033; x_wconf 87' lang='lat' dir='ltr'>est</span> <span class='ocrx_word' id='word_1_383' title='bbox 2342 4016 2364 4052; x_wconf 88' lang='lat'>,</span> <span class='ocrx_word' id='word_1_384' title='bbox 2398 3961 2599 4038; x_wconf 87' lang='lat' dir='ltr'>sedin</span> <span class='ocrx_word' id='word_1_385' title='bbox 2617 3960 2857 4048; x_wconf 83' lang='lat' dir='ltr'>mobili</span> <span class='ocrx_word' id='word_1_386' title='bbox 2874 4011 2897 4045; x_wconf 70' lang='lat'>2</span> <span class='ocrx_word' id='word_1_387' title='bbox 2931 3951 3079 4039; x_wconf 82' lang='lat' dir='ltr'>tan-</span> 
     </span>
    </p>

    <p class='ocr_par' dir='ltr' id='par_1_8' title="bbox 2586 4092 3071 4168">
     <span class='ocr_line' id='line_1_40' title="bbox 2586 4092 3071 4168; baseline 0 -28"><span class='ocrx_word' id='word_1_388' title='bbox 2586 4095 2596 4108; x_wconf 93' lang='lat'><strong>·</strong></span> <span class='ocrx_word' id='word_1_389' title='bbox 2865 4092 3071 4168; x_wconf 83' lang='lat' dir='ltr'>quarn</span> 
     </span>
    </p>
   </div>
  </div>
 </body>
</html>
