3391 4418
571 237 586 252 ,
863 141 2239 246 -··Co·N·JvNc·1·10.‘
2653 178 2817 265 391

391 268 607 348 tendit
643 288 858 341 rerum
885 281 1222 341 naturam,
1257 281 1339 327 ne
1383 257 1567 328 aliter
1606 263 2087 353 pronuncietur
2112 286 2189 332 ac
2208 283 2308 333 res
2328 260 2459 347 est,
2497 287 2711 367 neque
2732 286 2815 341 θ’..

385 377 591 448 mittit
610 368 696 441 ad
719 388 987 466 captum
1007 355 1383 441 auditorum
1410 355 1583 429 dista
1601 360 2140 440 accommodare.
2178 361 2311 433 Hic
2334 363 2805 465 multiplicibus

380 482 458 549 &
478 476 652 543 miris
674 465 1185 564 modis-operans
1205 509 1227 537 ,
1257 461 1436 530 aditus
1455 503 1479 538 ‚
1513 458 1748 561 agendi
1779 462 2019 535 modus
2040 516 2061 549 ,
2095 456 2590 538 instrumentum
2619 522 2643 555 ,
2675 469 2802 542 ob-

373 574 624 669 jectum
652 567 768 641 fibi
796 564 1030 637 mutuo
1063 554 1487 659 respondent.

482 699 592 763 14.
634 665 872 745 Similis
890 661 1181 739 venustas
1204 658 1579 732 observatur
1597 667 1864 758 quoties
1886 670 2030 762 quis
2050 663 2133 737 ad
2155 689 2372 737 certos
2391 666 2794 741 instrumenti

369 768 606 847 Musici
638 770 738 843 vel
771 764 1106 840 cantilenae
1135 786 1447 833 numeros
1478 759 1661 834 saltat
1690 790 1766 836 ac
1793 767 2123 864 tripudiat.
2180 764 2317 841 Ubi
2338 792 2667 840 certorum
2686 765 2791 840 so-

365 896 608 959 norum³
647 871 1100 972 perceptiones
1132 885 1306 933 certa
1332 861 1715 962 producunt
1755 864 2113 941 voluntatis
2149 871 2424 966 imperia
2465 913 2491 946 ‚
2548 866 2786 966 quibus

265 996 268 999 ’
345 976 530 1047 τεαὶ
558 974 856 1070 corporis
877 989 1099 1037 motus
1117 957 1586 1060 obsequuntur.
1874 978 1879 983 ’

458 1096 575 1165 15.
620 1073 936 1141 Praeterea
983 1085 1053 1134 ut
1104 1059 1585 1159 consequentia:
1617 1063 2014 1163 syllogisticae
2051 1072 2142 1140 vis
2184 1075 2400 1139 omnis
2442 1074 2509 1138 in
2551 1095 2632 1140 eo
2666 1067 2781 1145 fita

356 1171 491 1249 est,
523 1166 711 1268 quod
748 1191 889 1238 non
923 1189 1000 1237 ex
1035 1161 1431 1260 quibussibet
1456 1162 1784 1262 praemiffis
1812 1170 2051 1260 quaevis
2087 1164 2465 1252 conclufi03
2505 1163 2612 1239 sed
2641 1168 2776 1243 haec

358 1272 616 1344 tantum
638 1292 715 1340 ex
735 1266 860 1337 illis
880 1310 906 1343 ,
940 1263 1067 1336 alia
1086 1287 1164 1334 ex
1181 1259 1320 1333 aliis
1345 1256 1561 1332 inferri
1588 1261 1828 1362 poffitt

458 1374 566 1441 16.
617 1373 725 1441 Sic
752 1373 819 1438 in
849 1372 1078 1461 animae
1105 1387 1260 1437 cum
1284 1386 1568 1461 corpore
1585 1388 1753 1433 nexu
1774 1364 1967 1435 virtus
1987 1362 2282 1460 quaedam
2301 1362 2623 1467 singularis
2642 1370 2777 1453 elue,

354 1490 463 1541 cet
478 1519 499 1553 ,
530 1467 722 1569 quod
746 1464 1089 1539 occaiiohe
1112 1485 1442 1536 certorum
1459 1515 1482 1547 ‚
1517 1466 1724 1560 quiin
1743 1474 2024 1557 corpote
2042 1465 2265 1535 nostro
2287 1465 2511 1539 natura
2534 1495 2773 1568 praecef

339 1567 525 1641 dunt
558 1619 583 1653 ,
630 1592 941 1640 motuum
961 1618 986 1653 ,
1020 1576 1160 1637 n'on
1188 1559 1636 1635 indifferenter
1665 1559 2007 1661 quaelibet3
2047 1586 2113 1635 at
2143 1588 2332 1637 cettae
2363 1566 2669 1651 duntaxat
2703 1576 2770 1641 in

249 1682 254 1686 ’
343 1672 575 1743 animo
603 1672 1062 1769 perceptiones
1083 1662 1381 1750 existant,
1413 1660 1737 1762 quodque
1756 1664 1899 1733 vice
1921 1657 2093 1735 veria
2112 1662 2205 1734 ob
2224 1690 2472 1737 certum
2494 1668 2770 1766 aliquod

342 1766 706 1843 voluntatis
724 1768 954 1841 nosttae
970 1767 1323 1867 imperium
1343 1761 1757 1847 antecedenS,
1783 1787 1921 1833 non
1939 1760 2218 1860 quilibet
2234 1762 2598 1864 promiscue
2618 1794 2769 1842 mo-

343 1889 484 1948 tus,
524 1864 636 1942 sed
655 1867 1072 1941 determinati
1093 1862 1304 1937 solum
1328 1890 1404 1937 ac
1427 1863 1682 1936 definiti
1706 1861 1975 1963 quidam
1998 1871 2064 1934 in
2083 1882 2366 1963 corpore
2389 1873 2699 1940 oriantur.

444 1994 557 2065 17.
609 1974 717 2043 Sic
744 1968 830 2042 ad
847 1993 1098 2042 certum
1116 1991 1196 2038 ac
1213 1963 1558 2040 definitum
1575 1963 1926 2039 voluntatis
1940 1966 2078 2036 Dei
2095 1970 2480 2065 imperium,
2514 1964 2618 2062 esto
2636 1971 2767 2055 lux,

325 2066 463 2144 -fuit
494 2068 636 2153 lux;
671 2070 951 2166 conjluant
967 2091 1169 2162 aqua,
1189 2060 1334 2142 ‚fuit
1358 2072 1482 2153 ita;
1516 2066 2021 2163 hausturum,
2056 2061 2178 2137 fuit
2196 2072 2329 2152 ita,
2362 2072 2496 2140 διε.
2527 2093 2765 2165 quem-

332 2168 707 2246 admodum
723 2177 1124 2247 creationem
1144 2192 1364 2239 rerum
1382 2168 1577 2241 nobis
1599 2162 1901 2242 describit
1923 2162 2143 2239 Moses
2160 2161 2390 2241 Genes.
2408 2173 2466 2242 Ι.
2514 2169 2615 2244 Ut
2634 2172 2764 2258 ἰτητ-

331 2275 498 2371 petii
545 2268 714 2342 illius
763 2267 972 2341 divini
1018 2264 1320 2360 quaedam
1373 2271 1599 2363 imago
1641 2273 1709 2335 in
1761 2265 2097 2339 voluntate
2134 2265 2417 2341 humana
2448 2268 2760 2344 reluceat.

329 2362 943 2466 Qemadmodum
992 2361 1151 2435 verb
1198 2365 1368 2432 inter
1399 2365 1807 2435 voluntatem
1841 2363 2129 2440 divinam
2164 2375 2234 2439 &
2272 2369 2489 2445 lucem
2510 2394 2761 2469 corpo-

307 2461 312 2468 ’
333 2487 521 2537 ream
536 2513 559 2547 ‚
573 2462 679 2535 vel
693 2488 932 2562 aquam
952 2461 1401 2535 confluentem
1425 2460 1530 2536 vel
1553 2460 1827 2535 herbam
1849 2489 1926 2537 ex
1950 2489 2115 2537 terra
2130 2464 2558 2563 pullulantem
2579 2468 2758 2542 nulla

331 2560 697 2637 fimilitudo
727 2563 820 2633 est
841 2590 861 2633 t
886 2569 978 2633 ita
1013 2585 1140 2632 nec
1158 2558 1287 2632 ulla
1308 2585 1375 2632 re
1426 2566 1658 2634 uiritur
1675 2569 1850 2636 inter
1877 2563 2283 2635 voluntatem
2306 2563 2662 2637 humanam
2681 2577 2755 2639 δε

330 2684 558 2736 motus
583 2657 1070 2735 membrorum.
1122 2666 1298 2761 Qae
1319 2588 1493 2736 ‚retl'er
1507 2657 1595 2730 ad
1623 2657 2155 2732 confirmandum
2181 2681 2376 2756 caput
2394 2666 2583 2734 XIV.

301 2789 346 2795 ““
427 2761 539 2834 18.
592 2764 685 2834 At
710 2760 1017 2834 limitatio
1049 2756 1241 2856 hujus
1271 2757 1698 2860 perfestionis
1732 2764 1802 2832 in
1827 2750 2022 2834 nobis
2050 2755 2279 2857 praeter
2294 2754 2444 2831 alias
2459 2757 2596 2832 haec
2612 2760 2749 2848 est,

325 2856 516 2963 quod
534 2885 675 2935 non
693 2858 947 2963 semper
963 2857 1122 2933 tales
1139 2855 1283 2933 sunt
1302 2882 1707 2961 organorum
1733 2881 2208 2960 corporeorum
2235 2880 2457 2932 motus
2472 2915 2494 2946 ,
2519 2860 2747 2960 quales

322 2962 665 3038 volumust
696 2988 797 3050 ex.
830 2989 931 3065 gr.
964 2961 1121 3034 ct'tm
1147 2959 1368 3063 lingua
1381 2965 1721 3063 ,praecurrit
1744 2985 2070 3043 mentem,
2113 2983 2185 3031 ut
2208 2958 2405 3059 vulgo
2427 2959 2741 3046 dicimu55

321 3065 485 3137 item
503 3117 529 3150 ,
561 3062 720 3139 cum
753 3063 821 3137 id
840 3059 1029 3163 quod
1047 3087 1393 3164 perperam
1413 3061 1654 3135 excidit
1674 3066 2025 3137 correcturi
2045 3114 2068 3148 ‚
2099 3055 2235 3136 haec
2256 3057 2453 3132 verba
2482 3058 2745 3161 usurpa·-

321 3184 510 3249 mus,
534 3162 704 3237 illud
741 3165 925 3239 volui
958 3163 1214 3242 dicere,
1242 3163 1358 3238 ubi
1374 3163 1667 3264 plerique
1694 3188 1966 3238 utuntur
1991 3158 2240 3254 verbo,
2277 3164 2573 3260 inquam.
2625 3161 2747 3233 No

321 3269 454 3332 'am
470 3259 688 3336 diam
720 3262 805 3337 de
841 3263 1093 3339 morbis
1112 3269 1409 3366 corporis
1426 3316 1449 3350 ,
1477 3261 1716 3364 quibus
1735 3264 1814 3344 fit
1830 3313 1852 3352 ,
1870 3288 1945 3338 ut
1963 3284 2180 3336 motus
2199 3285 2597 3362 organorum
2615 3288 2738 3335 vo-

347 3365 557 3435 untati
579 3359 973 3464 respondere
992 3388 1350 3465 nequeant.
2734 3437 2745 3453 ⁵

323 3513 330 3518 -
421 3486 536 3551 19·
585 3463 818 3538 Nemo
852 3467 1012 3542 vero
1050 3488 1272 3566 putet,
1313 3486 1386 3540 ut
1417 3484 1605 3536 certae
1637 3466 1932 3563 corporis
1955 3459 2325 3537 functiones
2352 3465 2539 3548 certis
2564 3457 2734 3531 dun-

313 3563 483 3649 'taxat
514 3565 719 3634 animi
754 3563 1269 3666 cogitationibus
1300 3560 1774 3665 respondeant,
1807 3558 2296 3637 similitudinem
2313 3567 2481 3632 inter
2500 3586 2607 3633 eas
2630 3586 2733 3633 rc-

312 3666 513 3761 quiti:
543 3658 618 3733 id
633 3664 812 3736 enim
829 3673 964 3762 jam
983 3663 1205 3766 saepius
1222 3667 1542 3761 rejeffltm
1564 3659 1710 3738 fuit.
1763 3661 2026 3735 Etiamfi
2045 3686 2220 3738 certa
2237 3662 2510 3733 nomina
2528 3685 2736 3734 cetta-

313 3783 460 3835 mm
487 3786 705 3838 retum
727 3762 852 3839 ssnt
887 3772 1153 3868 propria
1171 3817 1196 3850 ,
1228 3790 1366 3838 non
1390 3787 1610 3836 tamen
1628 3763 1828 3836 ullam
1854 3788 2211 3864 propterea
2233 3785 2385 3838 cum
2402 3761 2543 3863 ipfis
2563 3787 2696 3835 con
2716 3805 2749 3822 -

314 3864 711 3942 ‚venientiam
725 3862 1001 3943 habent.
1043 3870 1304 3969 Repete
1320 3889 1397 3942 ex
1413 3863 1668 3940 Theor.
1691 3869 1843 3944 Viv.
1859 3866 2023 3961 885.

1588 4064 1776 4144 Ddd
2282 4075 2295 4084 ·
2508 4033 2733 4129 Car.
