3391 4418
1077 69 1143 155 P
1200 96 1266 155 H
1332 93 1387 150 Y
1453 95 1489 152 s
1560 97 1594 153 1
1659 97 1710 153 c
1775 94 1835 154 A
1946 66 2381 168 XXXII.
2753 108 2912 196 259

472 203 604 278 dic.
618 191 914 301 primum
929 161 1267 265 deridere,
1295 211 1371 257 ac
1388 182 1623 258 deinde
1638 191 1706 257 in
1720 183 1950 261 libello
1969 212 2119 262 toto
2133 189 2413 265 refutare
2432 192 2750 297 aggressus
2763 194 2910 271 fue-

468 312 577 379 rit.
624 305 701 369 ln
717 291 936 368 dedic.
949 286 1031 361 fic
1051 283 1272 360 scribit
1291 316 1309 359 ε
1334 302 1401 358 In
1417 289 1599 358 medio
1597 287 1871 382 fiuviemie
1887 292 2030 362 iuius
2032 289 2264 383 frigoris
2273 299 2600 392 paroysmo
2614 297 2823 395 habita
2840 303 2914 372 ἐπ’

465 400 783 488 Academia
815 392 1001 464 vicina
1027 388 1409 485 Philosophia
1437 387 1804 484 disputationi
1820 414 2106 462 annexum
2136 395 2655 467 vidicorollarium:
2691 398 2901 475 Calo..

471 528 618 578 rem
632 495 792 568 nihil
811 489 981 564 aliud
1002 487 1123 561 effe
1139 488 1343 586 quam
1362 492 1776 560 minimatum
1799 490 2258 590 particularum
2280 488 2738 568 inst-nfibilium
2763 507 2899 601 agi-

472 607 793 681 tationem
824 595 1059 668 vatiam
1079 643 1100 677 ,
1141 591 1367 687 Frigus
1405 588 1441 661 ὲ
1472 612 1706 661 contra
1743 591 2099 664 earundem
2135 598 2443 689 quietem.
2500 610 2663 671 mne
2682 605 2716 668 ἓ
2755 613 2898 693 Ergo

457 707 748 805 lammam
755 694 934 790 frigus
940 692 1173 789 summa
1187 701 1344 780 quies
1358 692 1490 763 erit.
1530 694 1837 787 -Qomodo
1850 717 1976 786 ergo
1994 711 2157 763 tanta
2174 695 2332 784 quies
2349 712 2542 785 tantas
2561 696 2748 768 turbu
2787 703 2899 796 (li-

459 798 887 901 gna-flumina
905 796 1224 884 &pomum
1246 841 1267 873 ,
1291 791 1669 881 enecandoque
1688 809 1774 863 tot
1789 813 2072 885 corporum
2089 836 2113 869 ,
2135 793 2296 890 nifise
2309 793 2429 889 absi
2437 799 2669 884 ondam,
2684 800 2895 880 vitam)

467 894 782 995 darepotest
800 902 834 966 ἔ
868 895 934 962 Si
951 895 1010 960 in
1032 889 1251 984 referia
1260 887 1387 982 joco
1397 889 1674 984 effitlocus
1688 940 1712 976 ,
1729 891 2081 987 suadendum
2088 909 2354 984 putarem
2372 944 2393 972 ,
2424 915 2484 964 m
2500 920 2666 987 quem
2683 900 2905 995 affinio

466 1005 565 1077 iua
580 1000 819 1072 abcedat
827 1013 926 1087 per
941 991 1101 1061 unius
1116 983 1282 1058 ηὀἑῖὶα
1281 987 1535 1083 spatium
1541 988 1649 1084 sub
1664 992 1756 1059 dio
1769 994 2016 1085 ‘apricari
2037 1045 2058 1076 ‚
2093 989 2322 1085 illasque
2343 994 2736 1086 quiescentium
2750 1023 2897 1072 aura

457 1100 871 1198 particularum
893 1089 1118 1158 delicias
1141 1090 1380 1180 experiri
1404 1137 1425 1169 ,
1460 1086 1675 1159 liberet.
1726 1102 1788 1159 N
1793 1091 1850 1186 'fi
1870 1092 1957 1162 hic
1978 1093 2157 1160 etiam
2185 1094 2500 1186 consuetum
2529 1094 2666 1163 illud
2685 1095 2852 1190 ficum
2871 1146 2896 1182 ‚

464 1195 768 1277 Sensibus
815 1214 954 1261 non
996 1182 1118 1256 esse
1140 1183 1513 1258 habendam
1552 1184 1795 1269 fidem,
1823 1208 2131 1281 opponant:
2168 1182 2257 1260 hic
2288 1192 2469 1259 etiam
2497 1188 2843 1287 Aristotelem
2865 1243 2889 1281 ,

461 1310 565 1394 qui
584 1306 820 1396 Ignem
835 1312 1025 1361 urere
1037 1309 1387 1384 negantem
1405 1284 1684 1362 flammis
1700 1288 2034 1360 admoveri
2057 1340 2078 1369 ,
2101 1287 2318 1359 donec
2335 1284 2646 1362 fateretur
2664 1281 2893 1385 ,-Jimsit‚⁴

456 1400 663 1496 susque
678 1395 853 1483 deque
862 1385 1146 1478 faciendo.
1871 1437 1874 1440 >
2638 1440 2644 1446 .

571 1517 603 1590 3
623 1519 659 1580 9
672 1545 689 1564 .
743 1488 851 1560 Ad
866 1513 1006 1584 qua:
1025 1478 1517 1581 respondemus,
1536 1480 1725 1580 plane
1739 1482 2191 1555 invertendam
2205 1484 2325 1557 effi:
2341 1486 2887 1589 propositionem,

342 1597 359 1602 ’
473 1588 964 1684 dicendumque
984 1629 1009 1663 ‚
1043 1581 1232 1680 quod
1267 1579 1427 1680 ligat
1460 1579 1732 1653 flumina
1765 1590 1828 1655 &
1853 1605 2137 1682 pontum
2158 1607 2351 1682 atque
2373 1614 2601 1661 enecat
2619 1612 2720 1661 tot
2741 1615 2889 1661 cot-

470 1717 710 1796 porum
732 1693 936 1777 vitam
962 1738 984 1771 ,
1025 1682 1094 1754 id
1111 1681 1234 1756 elle
1251 1686 1542 1778 quietem
1561 1735 1583 1768 ,
1605 1707 1744 1753 non
1764 1706 2049 1755 motum.
2103 1688 2355 1760 Pontus
2413 1685 2568 1761 lacie
2587 1687 2892 1763 confistit.

469 1795 600 1868 Ista
636 1786 1039 1862 consistentia
1068 1783 1229 1883 quid
1261 1775 1379 1852 nisi
1400 1781 1618 1879 quies?
1653 1787 1834 1855 Stare
1858 1809 2081 1855 annon
2105 1786 2196 1858 est
2211 1714 2581 1885 quiescere?
2626 1793 2705 1862 Et
2723 1789 2891 1887 quid

471 1892 655 1967 aliud
671 1890 759 1962 est
775 1888 1042 1960 flumina
1064 1882 1184 1956 effi:
1197 1884 1394 1985 ligata
1410 1925 1432 1961 2
1467 1881 1666 1981 quam
1692 1884 1883 1984 quod
1900 1909 2117 1984 partes
2138 1912 2318 1987 aqua:
2335 1897 2511 1986 juxta
2532 1879 2891 1962 seinvicem

468 1992 839 2096 quiescant?
882 1995 1055 2090 Qae
1080 2006 1475 2067 moventur,
1505 2010 1581 2056 ea
1599 1980 1817 2058 suntin
1831 1985 1993 2057 statu
2013 1981 2429 2088 separationis
2449 2046 2471 2078 ‚
2514 2017 2651 2089 quo
2677 1995 2894 2061 ‘conti-

463 2097 599 2169 nuo
622 2096 656 2167 a
676 2090 738 2178 se
765 2096 1045 2163 invicem
1061 2084 1377 2159 recedunt
1398 2109 1473 2155 ac
1489 2108 1934 2159 removentur.
1984 2090 2075 2160 At
2088 2115 2235 2188 quae
2248 2088 2442 2190 ligata
2459 2088 2600 2164 sunt
2619 2135 2644 2168 2
2678 2117 2753 2162 ea
2774 2118 2891 2163 co-

469 2196 710 2267 haetent
725 2244 747 2277 ,
791 2189 924 2263 hoc
948 2189 1040 2262 est
1055 2240 1077 2273 ,
1106 2184 1293 2260 fimul
1309 2184 1560 2259 haerent
1574 2183 1678 2258 seu
1699 2184 2034 2286 quiescunt
2060 2189 2271 2263 :unde
2291 2196 2634 2264 Germanis
2656 2192 2789 2286 bart
2809 2190 2891 2263 ab

465 2298 729 2391 butten!
758 2316 899 2386 quae
929 2313 1057 2363 vox
1076 2284 1441 2359 commode
1460 2285 1828 2359 admodum
1853 2284 1937 2355 de
1960 2311 2142 2383 aquae
2155 2292 2486 2389 particulis
2501 2292 2736 2364 dutum
2800 2293 2891 2362 la·

470 2395 593 2459 ciei
611 2412 728 2456 cor
778 2412 848 2456 us
867 2383 1406 2459 constituentibus
1422 2382 1701 2485 usurpati
1716 2386 1957 2483 potest.
2005 2388 2184 2458 Nam
2199 2387 2353 2461 licet
2369 2390 2603 2489 glacies
2622 2319 2890 2487 quicfem

480 2507 625 2558 tota
642 2412 912 2555 vegamr
941 2483 1270 2554 interdum
1292 2508 1364 2552 ac
1387 2480 1712 2556 deferatur
1729 2480 1813 2553 ab
1834 2509 2005 2580 aqua
2021 2537 2043 2568 ‚
2071 2509 2398 2582 quatenus
2421 2514 2641 2558 tamen
2661 2483 2893 2587 frigida

375 2612 422 2655 ο·
479 2611 556 2662 ac
580 2581 746 2653 dura
777 2579 906 2663 est,
934 2602 1152 2679 partes
1173 2589 1313 2677 ejus
1348 2587 1529 2674 juxta
1552 2579 1917 2651 seinvicem
1952 2580 2309 2676 quiescunt.
2364 2588 2430 2653 Si
2457 2589 2632 2652 enim
2657 2608 2893 2655 move·
2987 2582 2995 2588 ⁴

479 2707 706 2759 rentur
718 2677 809 2755 fin
858 2674 978 2749 ulae
992 2727 1013 2764 ‚
1037 2701 1175 2747 non
1187 2677 1425 2776 glacies
1440 2730 1464 2765 ‚
1487 2675 1595 2748 sed
1616 2701 1783 2776 aqua
1808 2673 2027 2750 essent.
2089 2671 2401 2749 Praetetea
2427 2732 2448 2763 ‚
2469 2677 2714 2749 solvere
2734 2687 2804 2751 &
2820 2679 2897 2751 li-

475 2811 630 2890 gate
643 2835 667 2871 ,
708 2787 776 2851 ni
818 2776 984 2850 allor
999 2832 1017 2860 ,
1041 2781 1367 2848 contraria
1388 2774 1551 2849 sunt.
1605 2782 1703 2850 At
1722 2775 1987 2876 quando
2005 2771 2272 2849 solvitur
2293 2783 2450 2849 acris
2465 2777 2674 2851 hiems
2688 2833 2710 2867 ,
2731 2805 2896 2851 nun-

476 2882 645 2987 quid
661 2879 766 2955 illa
786 2877 1030 2953 solutio
1046 2878 1123 2951 fit
1142 2905 1177 2949 a
1230 2904 1323 2949 uae
1337 2884 1409 2949 δε
1422 2876 1699 2949 aliorum
1721 2902 2082 2978 corporum
2104 2901 2565 2952 concretorum
2584 2878 2894 2955 divisione

475 2994 542 3061 in
563 2999 777 3087 partes
798 3037 821 3068 ,
853 2976 1107 3051 fufione
1124 3029 1149 3065 ‚
1172 2906 1614 3079 {gregatione
1630 2984 1914 3079 partium
1930 2977 2198 3051 aliarum
2218 2976 2303 3050 ab
2319 2971 2493 3067 aliis,
2512 2979 2581 3053 id
2598 2983 2687 3053 est
2701 3034 2723 3072 ,
2742 3009 2896 3053 mo-

478 3102 588 3161 tu?
620 3080 1004 3185 Qm0d0
1044 3083 1241 3180 igitur
1274 3079 1545 3180 intelligi
1571 3080 1789 3180 potest
1818 3081 2198 3180 ligationem
2219 3107 2500 3166 eorum,
2536 3106 2678 3181 quae
2699 3081 2894 3185 ligata

481 3182 666 3270 sunt,
699 3179 1067 3282 quantisper
1092 3179 1290 3280 ligata
1311 3177 1453 3251 sunt
1469 3228 1494 3264 ,
1525 3186 1722 3253 etiam
1743 3187 1812 3254 in
1831 3205 2025 3254 motu
2046 3226 2068 3262 ‚
2101 3208 2175 3252 ac
2193 3208 2328 3263 non
2343 3180 2571 3284 potius
2591 3188 2654 3254 in
2672 3187 2891 3282 quiete

478 3283 815 3358 confistete
839 3300 860 3353 2
1701 3356 1702 3359 ,
2103 3330 2114 3335 2
2235 3363 2239 3366 Α
2875 3368 2884 3377 Α

574 3410 696 3480 40.
741 3379 992 3455 Adhaec
1022 3385 1154 3455 vita
1184 3407 1508 3483 corporea
1540 3384 1608 3451 in
1638 3392 1831 3453 motu
1862 3387 1934 3454 δε
1967 3387 2143 3454 varia
2166 3378 2497 3484 spirituum
2524 3437 2547 3472 ,
2577 3382 2897 3482 sanguinis

480 3484 886 3581 aliarumque
900 3486 1180 3582 partium
1200 3486 1557 3585 agitatione
1573 3479 1786 3581 pofita
1800 3480 1890 3551 est
1905 3534 1928 3567 ,
1973 3488 2155 3577 cujus
2174 3488 2239 3554 in
2257 3488 2628 3583 agitationis
2652 3493 2718 3555 &
2746 3508 2897 3553 mo-

479 3610 580 3659 tus
601 3587 1066 3657 imminutione
1089 3608 1163 3652 ac
1183 3583 1625 3655 retardatione
1643 3582 1841 3653 nimia
1856 3626 1881 3659 2
1918 3583 2318 3682 tandemque
2340 3579 2701 3655 sublatione
2716 3608 2900 3657 mors

481 3683 790 3760 confistit.
838 3679 1028 3752 Nihil
1061 3683 1237 3754 enim
1272 3690 1478 3784 magis
1511 3683 1601 3755 est
1624 3689 2025 3755 contrarium
2047 3691 2256 3756 motui
2280 3729 2305 3762 ‚
2341 3684 2535 3782 quam
2605 3686 2759 3756 uies.
2805 3689 2905 3758 Ita

482 3814 624 3861 non
654 3783 865 3859 solum
901 3779 1129 3854 muscae
1147 3837 1168 3868 ‚
1206 3787 1434 3857 verum
1459 3788 1658 3855 etiam
1685 3782 1811 3854 alia
1838 3778 2230 3884 perfestiora
2250 3712 2807 3887 animaliasrigore
2831 3810 2902 3853 e·

481 3913 817 3989 necantur.
875 3887 959 3959 Et
991 3883 1563 3987 quemadmodum
1591 3912 1775 3986 aquae
1792 3907 2015 4056 parteis<
2032 3884 2351 3986 gradatim
2379 3894 2447 3960 &
2470 3887 2786 3990 paulatim
2817 3878 2904 3990 ad

1893 3988 1954 4056 Κ
2023 3990 2028 3995 ’
2068 4014 2105 4062 2
2379 3987 2418 3997 ‘²
2716 3997 2907 4070 quic·
2955 4012 2959 4020 ·
2996 4003 3001 4007 ·
