3391 4418
555 132 715 216 270
1208 95 2295 180 nupti-ramo

551 245 731 295 mare
750 236 1059 320 augeatur
1080 227 1106 286 ,²
1146 205 1346 308 Resp·
1379 206 1559 283 Cum
1573 201 1987 306 patentiffimi
2002 202 2114 277 sub
2129 226 2307 280 terra
2324 199 2452 275 fint
2473 227 2725 278 meatus
2743 257 2764 290 ,
2793 227 2982 282 ‚tanta

554 319 805 420 semper
833 340 1015 415 aqua:
1046 312 1375 411 quantitas
1390 308 1428 382 εὶ
1446 312 1608 377 mari
1628 302 1838 378 versus
1858 305 2106 376 radices
2127 308 2456 376 montium
2481 304 2657 377 redit
2676 339 2708 392 ‚·
2730 330 2977 403 quanta

552 445 639 495 ex
667 418 1008 492 montibus
1023 407 1384 513 egreditur3
1409 414 1474 481 δι
1496 404 1647 479 hinc
1662 401 1952 478 fontium
1973 407 2455 503 fluviorumque
2469 408 2842 505 perennitas
2859 407 2982 479 dc-

550 519 832 625 pendet.
852 518 1119 614 Nempe
1137 508 1463 582 circularis
1482 506 1758 608 quidam
1771 505 1878 579 hic
1897 528 2213 604 aquarum
2232 504 2323 574 est
2336 504 2664 604 p‘roceffiis
2679 562 2698 589 ,
2712 509 2981 606 perinde

558 647 635 696 ut
668 626 738 694 in
755 624 901 691 ae're
917 612 1109 715 super
1124 634 1362 683 terram
1383 654 1408 687 ‚
1444 608 1560 681 ubi
1579 633 1658 680 ex
1673 632 1705 678 a
1760 631 1842 677 ua
1858 631 2132 706 vapores
2155 601 2586 692 attolluntur,
2616 632 2699 680 va
2749 632 2899 680 ores
2915 613 2986 681 in

559 746 801 823 aquam
816 708 1296 789 condensantur
1315 764 1337 797 ‚
1367 735 1508 809 quae
1525 734 1697 806 aqua
1711 633 1935 779 denuc>
1953 713 2022 779 in
2039 729 2277 778 terram
2298 701 2552 804 depluit
2564 757 2582 785 ,
2604 633 2758 780 ind'e
2776 704 2986 781 rursus

558 844 877 922 vapores,
911 816 1215 914 atqueita
1234 810 1571 912 deinceps.
1825 825 1830 828 “
2245 803 2254 812 “

661 942 773 1015 15.
821 923 922 1012 Q.
950 922 1015 988 X
1034 920 1119 988 V.
1138 912 1323 987 Cum
1339 914 1536 1012 igitur
1546 904 1767 981 fontes
1787 904 1824 977 ὲ
1842 908 2005 977 mari
2027 904 2543 1005 proficiscantur,
2562 929 2738 978 marc
2760 929 2990 979 autem

563 1016 790 1093 salsum
814 1015 891 1090 fit
909 1065 932 1094 ‚
965 1017 1206 1086 mirum
1225 1011 1317 1083 est
1336 1061 1359 1090 ,
1402 1009 1590 1110 quod
1608 1031 1790 1105 aquae
1809 1001 2096 1078 fontanae
2118 1034 2257 1080 non
2277 1012 2596 1079 retineant
2612 1003 2790 1076 illam
2810 1001 2996 1078 salse-

565 1111 795 1193 dinem
817 1134 839 1189 ?
872 1111 1024 1187 Res
1051 1164 1072 1186 .
1095 1113 1328 1185 Mirari
1353 1108 1602 1182 defines
1624 1161 1647 1195 ,
1677 1105 1724 1179 fi
1742 1101 1892 1178 scias
1912 1111 2104 1177 maris
2123 1134 2361 1208 aquam
2380 1106 2670 1179 constare
2694 1131 2771 1178 ex
2788 1113 2992 1206 parti·

567 1221 731 1300 culis
746 1216 883 1289 aliis
903 1212 948 1287 d
1018 1210 1235 1310 cibus,
1277 1209 1414 1283 aliis
1428 1206 1590 1306 salfis
1613 1261 1636 1294 ,
1653 1203 1975 1307 quodque
1994 1202 2155 1282 falce
2173 1207 2392 1308 rigidae
2408 1205 2531 1278 fint
2554 1213 2624 1280 &
2639 1206 2946 1279 inflexiles
2969 1259 2995 1294 ,

566 1320 794 1400 dulces
824 1312 1058 1388 contri
1086 1309 1322 1385 molles
1354 1317 1423 1384 &
1447 1308 1713 1395 flexiles.
1767 1309 1857 1378 Ex
1884 1305 2019 1380 hoc
2049 1312 2229 1379 enim
2246 1306 2568 1407 intelliges
2583 1304 2746 1380 solas
2764 1305 2994 1379 dulces

564 1414 916 1527 particulas
939 1420 1006 1487 in
1022 1407 1244 1485 fontes
1255 1408 1597 1484 ascendere
1617 1454 1641 1487 ³
1679 1408 1835 1480 cum
1851 1403 1973 1479 fint
1992 1430 2219 1481 tenues
2233 1434 2307 1480 ac
2322 1408 2589 1482 flexiles,
2622 1403 2821 1481 Saliis
2837 1409 2994 1480 vero

567 1548 722 1599 cum
750 1516 975 1618 rigidae
1010 1513 1277 1586 existant
1295 1537 1376 1583 ac
1403 1509 1617 1596 durae,
1655 1534 1780 1581 nec
1799 1501 1990 1581 facile
2012 1510 2080 1579 in
2105 1534 2376 1608 vapores
2399 1513 2682 1591 mutari,
2714 1530 2838 1583 nec
2853 1505 2994 1584 ullo
3063 1595 3066 1596 7

565 1620 778 1697 modo
799 1641 916 1716 per
932 1610 1245 1712 obliquos
1265 1635 1448 1684 terrae
1471 1631 1727 1682 meatus
1740 1604 2002 1681 tranfire
2072 1605 2225 1681 osse.

673 1745 704 1793 1
718 1731 763 1791 6
768 1741 811 1789 .·
838 1721 936 1810 Q.
976 1720 1041 1786 X
1054 1720 1114 1786 V
1130 1719 1182 1786 1.
1216 1710 1417 1786 unde
1440 1709 1599 1781 vero
1622 1707 1875 1780 constat
1888 1759 1912 1793 ‚
1947 1634 2146 1780 tafim
2168 1705 2294 1779 effe
2312 1731 2498 1806 aquae
2517 1709 2781 1778 marinae
2795 1710 3001 1808 parti-

460 1907 467 1911 ,
568 1818 859 1895 cularum
904 1809 1340 1899 differentiam
1368 1826 1391 1880 ἓ
1433 1801 1632 1908 Resp.
1669 1811 1851 1882 Cum
1886 1806 2063 1878 nulla
2092 1814 2164 1879 in
2194 1831 2407 1879 rerum
2444 1831 2675 1879 natura
2710 1833 3002 1909 corpora

570 1920 810 1994 dentur
839 1940 981 1987 tam
1008 1908 1311 1985 accurate¹
1324 1904 1557 1979 fimilia
1573 1958 1596 1995 ,
1685 1911 1797 1979 uin
1813 1903 2063 2008 semper
2076 1905 2552 2006 aliquantulum
2580 1911 3000 2009 inmagnitu-

570 2020 727 2093 dinc
744 2024 816 2088 δε
838 2012 1046 2112 figura
1068 2005 1407 2093 differant,
1447 1932 1718 2079 moroso
1734 2005 1932 2078 nimis
1952 2004 2026 2078 fit
2046 2011 2316 2108 ingenio
2335 2060 2358 2093 ,
2384 2005 3001 2106 qui.difficulterfibi

569 2110 935 2223 persuaderi
952 2113 1276 2212 patiatur,
1303 2112 1504 2179 etiam
1519 2130 1703 2206 aquae
1728 2129 1941 2202 partes
1958 2131 2096 2177 non
2111 2112 2393 2179 omnino
2412 2105 2688 2206 aequales
2700 2105 2822 2180 effi:
2844 2151 2868 2187 ‚
2920 2115 2997 2182 &

567 2212 918 2321 praesertim
936 2216 1003 2283 in
1025 2211 1189 2281 mari
1217 2216 1243 2301 (
1263 2205 1452 2307 quod
1468 2211 1700 2311 ingens
1721 2206 1813 2277 est
1830 2233 2148 2305 aquarum
2166 2214 2466 2282 omnium
2482 2204 3001 2309 receptaculum)

568 2310 882 2419 quasdam
912 2336 1051 2384 tam
1081 2306 1306 2383 craffas
1336 2315 1647 2388 inveniri,
1681 2330 1757 2381 ut
1784 2308 1978 2379 instar
2006 2309 2272 2383 aliarum
2299 2306 2998 2383 diverfimodeinfleffi

571 2444 656 2492 ne
708 2436 925 2487 neant.
977 2414 1141 2502 Haec
1180 2404 1326 2485 sane
1364 2406 1549 2481 causa
1570 2407 1662 2480 est
1680 2451 1703 2487 ,
1740 2432 1855 2480 eur
1871 2434 2040 2508 aqua
2063 2414 2263 2483 maris
2285 2410 2477 2483 arena
2491 2410 2836 2509 percolata
2854 2406 3003 2481 dul-

571 2538 648 2593 ce
675 2539 818 2599 cat,
850 2516 1003 2613 quia
1026 2514 1335 2584 nimirum
1363 2532 1579 2610 partes
1610 2504 1749 2580 salis
1779 2507 1935 2580 cum
1963 2505 2088 2582 fint
2110 2508 2424 2583 inflexiles
2449 2563 2470 2593 ,
2509 2536 2650 2582 non
2682 2536 2752 2583 ut
2782 2532 3000 2612 partes

569 2642 754 2719 aquae
775 2613 986 2688 dulcis
1005 2666 1025 2698 ,
1056 2639 1174 2714 per
1193 2618 1463 2713 exiguos
1485 2608 1636 2682 illos
1655 2605 1980 2684 anfractus
1997 2663 2017 2695 ,
2048 2617 2156 2708 qui
2182 2618 2351 2683 circa
2369 2607 2567 2682 sabuli
2591 2637 2791 2710 grana
2812 2635 3008 2710 repe-

570 2725 826 2793 riuntur
843 2759 868 2792 ‚
892 2711 1025 2785 labi
1050 2710 1333 2815 possunt.
1389 2715 1490 2782 Ac
1511 2709 1800 2808 denique
1819 2711 2035 2810 gustus
2056 2708 2183 2811 ipse
2206 2708 2639 2784 differentiam
2664 2709 3001 2813 patefacit.

568 2815 755 2893 Salfie
766 2818 943 2884 enim
961 2837 1175 2912 partes
1191 2818 1261 2882 in
1279 2807 1574 2910 cuspides
1592 2814 1827 2882 erectae
1839 2834 1916 2880 ac
1932 2810 2216 2885 telorum
2228 2812 2423 2885 instar
2446 2809 2742 2899 vibratae,
2770 2809 3015 2911 linguae⁴

569 2936 797 3018 poros·
814 2903 1266 3011 ingrediuntur
1282 2961 1305 2994 ,
1341 2932 1541 3006 atque
1570 2915 1662 2982 ita
1687 2907 1777 2981 ad
1813 2909 1989 2981 illam
2024 2911 2444 3012 pungendam
2478 2908 2622 2985 satis
2646 2912 2775 2988 alte
2803 2934 3009 3012 pene·-

572 3033 770 3087 trant.
822 3013 917 3079 Ex
950 3006 1220 3082 adverso
1250 3030 1465 3107 partes
1485 3033 1670 3104 aquae
1690 3006 1900 3096 dulcis
1919 3010 2213 3083 molliter
2234 3014 2417 3114 snpra
2436 3012 2725 3115 linguam
2741 3014 3018 3086 fluitan-'

575 3124 675 3186 t'es
713 3120 783 3183 δε
818 3106 1071 3209 semper
1099 3113 1170 3179 in
1198 3104 1399 3180 latera
1436 3150 1460 3183 2
1513 3132 1585 3179 ut
1619 3114 1711 3179 ita
1747 3106 1963 3184 dicam
2002 3163 2024 3197 ‚
2074 3122 2361 3209 jacentes
2402 3120 2506 3186 vix
2537 3117 2723 3213 gustu
2756 3132 3009 3212 queunt

632 3233 762 3281 erci
814 3235 859 3280 1.
1442 3230 1443 3233 ¹

578 3236 627 3316 P
685 3335 714 3384 1
727 3234 810 3408 71.²
847 3313 947 3402 Q.
980 3311 1226 3399 x1vll.
1260 3313 1352 3381 Ex
1365 3306 1557 3384 dietis
1574 3305 1865 3412 agnosco
1885 3359 1906 3387 ,
1938 3305 2158 3383 sontes
2179 3317 2249 3382 &
2269 3311 2508 3384 fluvios
2521 3366 2544 3393 ,
2567 3314 2721 3388 cum
2738 3338 2876 3387 non
2892 3303 3011 3381 niti

577 3434 655 3483 ex
690 3409 863 3508 aqui
895 3432 1015 3510 per
1032 3404 1308 3480 multam
1329 3435 1593 3482 arenam
1616 3432 1935 3482 terramve
1953 3408 2294 3509 percolata
2308 3409 2413 3481 vel
2432 3436 2550 3513 per
2568 3441 2645 3486 va
2697 3441 2844 3488 ores
2860 3408 3008 3483 sub-

576 3507 703 3584 lata
723 3510 1046 3594 constent,
1066 3509 1338 3581 minime
1354 3507 1542 3583 salsos
1556 3509 1680 3584 effi:
1708 3531 2043 3610 oportere.
2097 3508 2229 3582 Sed
2249 3535 2533 3608 quaerere
2555 3515 2642 3586 ad
2693 3510 3005 3595 uclubet,

576 3633 695 3682 cur
709 3634 885 3682 mare
909 3633 1047 3681 non
1062 3606 1385 3685 dulcescat
1399 3635 1676 3711 propter
1701 3633 1805 3683 tot
1819 3634 1895 3681 ac
1915 3630 2093 3681 tanta
2110 3610 2379 3683 flumina
2398 3611 2617 3689 dulcia
2634 3622 2701 3688 in
2723 3614 2886 3703 illud
2907 3619 3014 3684 in-

574 3708 850 3781 fluentia
870 3726 892 3780 Ξ
930 3706 1126 3810 Resp.
1154 3714 1220 3784 si
1235 3719 1445 3809 majus
1461 3713 1706 3785 flumen
1724 3706 1799 3782 fit
1813 3708 2179 3812 majorique
2194 3737 2347 3785 eum
2361 3717 2620 3815 impetu
2633 3722 2698 3787 in
2711 3741 2893 3789 mare
2917 3711 3012 3784 la‘-

576 3807 771 3881 batur
785 3860 809 3894 ‚
976 3809 1385 3885 intervallum
1400 3807 1675 3912 aliquod
1694 3806 1870 3883 suam
1889 3818 2129 3885 retinet
2145 3810 2573 3888 dulcedinem
2590 3860 2613 3892 ‚
2653 3811 2764 3886 sed
2784 3813 3022 3913 postea

556 3932 725 3999 *eum
738 3834 961 3983 salsa:et
922 3912 1120 3983 maris
1150 3934 1319 4011 aqua
1345 3910 1444 3988 ibi
1469 3912 1704 3987 relicta
1733 3914 1976 3987 iterum
1993 3907 2302 4010 miscetur
2318 3967 2343 4004 ,
2382 3941 2529 4015 qua·
2546 3918 2783 3991 mixtio
2798 3911 3028 3985 statim
3119 3942 3136 3953 “

2809 4031 3018 4091 cuam
