3391 4418
590 107 769 234 ‘'2'5‘6
1257 87 2412 224 Drsqurarross
2635 237 2646 242 μ

959 260 1042 351 V
1068 262 1133 350 Ι.
1150 267 1432 377 Frigus
1449 287 1697 348 umen
1709 267 2133 376 nonsemper
2148 263 2246 369 est
2259 259 2665 346 omnimoda

1021 415 1027 419 ·
1224 384 1426 491 quies
1447 446 1468 478 ,
1507 381 1852 491 atsbltem
1870 385 2108 463 minor
2124 399 2379 462 motus.

698 558 812 630 30.
854 521 1166 599 Tandem
1206 547 1281 595 ex
1314 529 1638 627 principio
1662 524 1968 600 conceffo
1991 544 2549 628 argumentamur.
2602 522 3025 598 Conceditur

595 638 774 704 enim
791 628 878 701 ab
905 622 1168 716 adversa
1180 649 1364 724 parte
1381 670 1405 706 ,
1439 648 1658 698 motum
1674 629 1770 725 ff
1782 629 2004 721 aliquid
2011 627 2331 723 positivum.
2382 627 2465 695 Et
2483 647 2607 697 nos
2626 627 2897 697 minime
2917 652 3022 697 ar..

597 730 913 804 birramur
944 780 968 816 ‚
1012 722 1213 829 frigus
1250 750 1452 798 omne
1488 732 1557 799 in
1592 729 1985 800 omnimoda
2019 732 2241 826 quiete
2271 723 2652 811 confistere3
2691 733 2845 824 quia
2871 753 3018 800 non

593 836 821 904 omnia
850 824 1090 928 frigida
1110 822 1431 897 summum
1453 825 1636 900 illico
1659 824 1917 930 frigoris
1936 826 2215 930 gradum
2236 822 2562 897 obtinent.
2611 823 3020 924 Sufficitno..

593 928 734 1012 bis,
761 927 964 1031 frigus
1000 924 1121 1000 esse
1157 929 1488 1000 minorem
1523 953 1824 1016 motum,
1857 931 1982 1003 effe
2018 927 2392 1001 tarditatem
2413 980 2436 1006 ,
2480 923 2602 998 effi:
2634 931 3013 1026 agitationis

589 1032 1160 1106 imminutionem.
1213 1033 1524 1126 Cumque
1545 1036 1765 1102 minor
1780 1054 2001 1102 motus
2020 1034 2215 1101 etiam
2237 1024 2310 1099 fit
2324 1050 2547 1100 motus
2567 1078 2587 1113 ,
2609 1050 2680 1097 ut
2694 1033 2915 1100 minor
2930 1028 3016 1101 fi-

591 1131 708 1206 des
726 1127 1176 1206 &infidelitati
1193 1153 1319 1228 pro
1369 1132 1569 1228 inqua
1585 1133 1785 1203 etiam
1812 1129 1976 1203 fides
1996 1125 2288 1201 censetur
2303 1182 2324 1216 ,
2347 1133 2566 1201 minor
2582 1124 2795 1201 homo
2814 1135 3014 1204 etiam

588 1231 845 1319 hom05
879 1227 927 1300 fi
958 1251 1181 1301 motus
1199 1255 1295 1329 po
1322 1233 1554 1302 ttivum
1577 1229 1736 1329 quid
1755 1230 1847 1301 est
1866 1282 1888 1320 ,
1915 1226 2119 1333 frigus
2132 1235 2327 1302 etiam
2349 1227 2472 1301 tale
2494 1225 2655 1329 quid
2670 1234 2790 1301 erit
2807 1278 2829 1307 ‚
2853 1228 3015 1302 licet

592 1355 822 1410 natura
841 1340 980 1429 ejus
998 1334 1208 1429 quieti
1233 1334 1612 1430 propinqua
1638 1327 1732 1403 fit.
2953 1349 2960 1355 ·

689 1459 722 1527 3
750 1460 805 1505 ι.
855 1433 1113 1507 Verum
1131 1425 1239 1501 hic
1256 1429 1415 1501 duas
1432 1427 1721 1503 subnasci
1736 1429 2155 1529 objefflones
2169 1427 2391 1518 vide0,
2407 1455 2682 1530 quarum
2697 1434 2882 1530 pn‘or
2892 1431 3005 1515 est,

585 1534 776 1633 quod
795 1585 820 1619 ‚
854 1532 1007 1606 cum
1030 1534 1238 1641 magis
1262 1538 1330 1603 δε
1356 1536 1575 1604 minus
1597 1529 1873 1632 speciem
1891 1556 2028 1604 non
2048 1549 2309 1620 mutent
2336 1583 2357 1618 ,
2394 1530 2498 1603 seu
2515 1530 3010 1623 cumgraedus'nvn

585 1636 812 1709 varient
810 1635 1048 1730 speciem
1068 1676 1093 1710 ‚
1130 1633 1175 1699 11
1194 1629 1375 1702 calor
1398 1629 1673 1703 celerior
1691 1630 1769 1704 fit
1789 1640 1860 1705 &
1877 1631 2092 1725 major
2113 1650 2334 1703 motus
2352 1675 2374 1711 ‚
2408 1629 2606 1733 frigus
2628 1628 2791 1702 nihil
2802 1627 3003 1709 aliud,

637 1731 787 1822 uam
820 1733 1071 1805 tardior
1093 1739 1161 1803 &
1186 1735 1406 1807 minor
1428 1754 1646 1804 morus
1661 1777 1682 1812 ,
1769 1728 1928 1804 tadu
1946 1731 2256 1806 duntaxat
2275 1728 2384 1805 has
2401 1732 2743 1833 qualitates
2757 1730 2792 1801 ἒ
2811 1729 3011 1806 nobis

583 1760 777 1907 distin
876 1838 891 1851 ’
908 1886 929 1920 ,
962 1834 1116 1904 cum
1140 1854 1359 1902 tamen
1379 1826 1588 1930 specie
1609 1761 1934 1905 diffiniat.
1948 1833 2277 1905 Posterior
2294 1834 2421 1920 est,
2445 1830 2489 1905 fi
2510 1839 2841 1905 minorem
2856 1857 3012 1906 mo-

580 1958 728 2008 tum
747 1859 948 2031 (ἔξω
966 1928 1089 2002 effi:
1116 1927 1408 2001 dicamus
1423 1981 1444 2015 ‚
1484 1955 1601 2022 cut
1616 1936 1814 2034 igitur
1835 1959 1955 2032 per
1975 1930 2446 2032 quietemillud
2465 1931 2852 2006 definiamus
2875 1987 2898 2020 ‚
2931 1941 3006 2006 86

581 2029 783 2131 quare
815 2027 1169 2101 corollario
1204 2027 1315 2100 tali
1345 2030 1818 2128 ultrajectinus
1835 2030 2266 2132 Philosophus
2291 2085 2312 2117 ,
2331 2031 2520 2127 ‘frigus
2531 2034 2889 2132 efflpaertinm
2903 2057 3017 2104 ex-

575 2125 843 2225 Quarum
876 2132 1128 2222 quietem
1142 2173 1166 2206 2
1200 2127 1541 2204 Comenio
1557 2125 1815 2234 aliisque
1838 2139 1986 2206 viris
2001 2130 2506 2214 contradicendi
2524 2140 2597 2206 δε
2611 2156 2842 2205 contra
2858 2129 3017 2205 scri-

580 2228 786 2303 bendi
808 2226 1220 2302 occasionem
1246 2228 1501 2305 dederit
1518 2285 1541 2321 ,
1562 2260 1761 2334 quam
1780 2231 1967 2308 facile
1982 2237 2223 2309 evitare
2235 2230 2549 2335 potuisset
2568 2289 2592 2322 ,
2621 2233 2807 2307 aliter
2817 2259 3011 2307 men-

580 2352 717 2407 tem
734 2327 907 2403 suam
933 2331 1389 2431 exprimendo.

608 2510 613 2513 v
659 2460 711 2530 -3
734 2457 791 2517 2.
846 2434 1008 2530 Resp.
1046 2429 1154 2503 Ad
1187 2439 1400 2534 prius:
1438 2455 1893 2536 argumentum
1927 2435 2089 2539 pure
2121 2438 2456 2537 Logicum
2486 2438 2718 2536 nequit
2749 2458 3004 2515 mutare

573 2536 1147 2626 rerumjnaturam.
1201 2536 1378 2635 Qs
1398 2532 1631 2627 docuit
1654 2530 1945 2606 calorem
1981 2538 2054 2607 &
2086 2532 2289 2637 frigus
2324 2538 2415 2608 ita
2439 2532 2648 2634 specie
2669 2544 2740 2610 δε
2769 2561 2998 2610 natura

574 2626 877 2725 differte,
911 2657 986 2706 ut
1021 2628 1349 2734 saepissime
1370 2661 1525 2731 ,non
1559 2630 1691 2708 sola
1721 2635 2158 2731 celeritate&
2184 2633 2490 2710 tarditate
2526 2660 2744 2710 motus
2763 2637 2999 2719 distin·-

568 2730 833 2835 gutenda
855 2728 998 2806 fint.
1016 2734 1262 2807 Tactus
1283 2734 1487 2807 credo
1505 2733 1765 2808 docuit.
1785 2740 1878 2808 At
1891 2734 2046 2836 quid
2066 2733 2321 2808 docuit?
2340 2739 2598 2813 Revera
2613 2735 2772 2810 'nihil
2789 2738 3000 2828 aliud,

571 2826 772 2928 quam
800 2832 979 2929 quod
1000 2886 1021 2918 ,
1065 2833 1220 2906 cum
1238 2837 1567 2931 particulae
1588 2860 1938 2935 corporum
1962 2889 1983 2921 ,
2025 2862 2169 2934 quae
2183 2842 2430 2939 tangis,
2463 2837 2705 2912 tardius
2719 2864 2997 2913 moven-

570 2952 675 3009 tut
686 2956 1001 3011 manuum
1029 2955 1281 3006 tuarum
1303 2934 1630 3033 particulis
1654 2991 1676 3024 ,
1709 2932 1933 3009 sentias
1948 2931 2187 3039 frigus;
2224 2938 2375 3010 cum
2396 2937 2831 3029 celerius-illis,
2850 2936 2997 3014 ien-

568 3024 690 3115 tias'
707 3030 1017 3117 calorem.
1074 3041 1248 3132 Qae
1267 3036 1335 3102 in
1356 3029 1529 3105 sensu
1550 3042 1873 3108 contraria
1894 3033 2037 3109 sunt
2055 3088 2076 3121 ‚
2105 3063 2237 3110 non
2256 3037 2412 3112 ideo
2433 3038 2685 3141 semper
2703 3041 2835 3113 mul
2845 3063 2989 3117 tum

564 3130 797 3219 distant
824 3135 891 3214 in
921 3128 1116 3203 'rebus
1132 3158 1153 3201 .·
1168 3220 1171 3229 1
1185 3130 1743 3235 quod‘voluptatis
1760 3132 1844 3207 ac'
1856 3136 2102 3211 doloris
2116 3138 2417 3241 exemplo
2434 3141 2690 3244 egregie
2701 3139 2988 3235 ostendit

564 3226 990 3339 philosophus
1007 3230 1218 3315 noster
1242 3234 1572 3335 Principp.
1603 3240 1634 3306 1
1654 3242 1746 3333 V,
1779 3262 1802 3309 1
1819 3254 1858 3327 9
1882 3264 1938 3311 1.
1959 3237 2204 3312 Utrum
2222 3242 2321 3327 ea,
2338 3267 2482 3344 quae
2502 3248 2567 3313 in
2588 3252 2804 3313 rerum
2822 3254 2986 3316 con-‘⁶'

565 3328 990 3434 templatione
1014 3325 1298 3403 ¹subinde
1332 3331 1790 3438 distinguenda
1825 3334 2003 3425 sunt,
2037 3335 2079 3406 s
2109 3345 2275 3413 ecies
2310 3370 2392 3415 an
2413 3341 2650 3445 gradu&
2677 3365 2982 3444 oporteat

563 3435 921 3511 existimare
941 3475 965 3513 ,
999 3456 1133 3521 non
1152 3428 1401 3533 semper
1420 3434 1591 3511 adeo
1612 3436 1931 3539 liquidum
1957 3364 2148 3511 nogis
2167 3438 2289 3514 effi
2314 3440 2682 3547 Ontosoph.
2707 3469 2896 3518 novae
2913 3447 2981 3524 5.

560 3532 676 3607 68.
694 3559 860 3607 zoo-
880 3529 1338 3605 demonstravi.
1895 3628 1898 3631 Δ
2389 3578 2392 3581 ι

614 3692 621 3699 .
662 3632 693 3718 3
709 3658 774 3725 3·.
824 3630 985 3725 Resp.
1024 3630 1132 3704 Ad
1151 3633 1499 3734 posterius:
1529 3662 1663 3711 non
1679 3635 1885 3711 modo
1908 3635 2091 3725 illud,
2110 3637 2292 3740 quod
2309 3642 2528 3721 minus
2545 3646 2673 3720 ra'le
2689 3646 2806 3734 e‘st,
2823 3671 2984 3720 con·

556 3732 1051 3819 trationomine
1076 3729 1231 3836 ssepe
1247 3732 1646 3836 appellatur,
1686 3745 1778 3811 uti
1800 3744 1866 3810 in
1891 3741 2253 3842 Categoria
2276 3740 2978 3843 Qalitatis‘diminuta

545 3829 846 3902 Potentia
869 3840 1596 3937 vocatut'lmpotentia',
1633 3846 1706 3912 &
1741 3837 2065 3915 infirmior
2086 3840 2269 3915 Fides
2291 3843 2467 3947 apud
2503 3844 2812 3923 Ma‘r‘cum
2843 3854 2976 3920 lx.

548 3951 665 4023 ²4·
716 3928 1068 4011 lufidelitas
1082 3954 1181 4031 (ut
1198 3941 1293 4011 ita
1308 3941 1526 4011 minor
1545 3964 1622 4012 ac
1652 3938 1902 4013 tardior
1918 3963 2137 4015 motus
2151 3945 2334 4019 redte*
2347 3944 2742 4051 etiarn-'quies
2758 3951 2977 4023 vocari

2750 4044 2972 4163 pomo
