3391 4418
368 215 371 218 .
960 132 1812 248 'P‘ffr--s-reav
1867 132 2262 227 XXIII.
2651 163 2834 256 ²203

398 253 486 326 Et
514 243 708 351 quod
746 232 1142 326 move‘an‘tur
1164 247 1404 342 horum
1438 247 1770 348 liquorum
1804 273 2019 350 partes
2049 276 2126 322 ex
2160 277 2248 323 eo
2276 252 2839 351 quoquetnanise-

405 355 612 442 stum,
643 351 832 453 quod
869 348 1059 423 facile
1100 348 1350 424 abeunt
1382 355 1447 420 in
1484 374 1670 421 auras
1704 376 1780 420 ac
1796 348 2215 451 diffipantur,
2250 350 2830 451 quemadmodum

405 452 677 556 paludes
702 463 773 527 &
793 453 916 525 alia
928 454 1080 526 loca
1093 451 1369 525 humida
1391 448 1686 523 exsiccari
1706 450 2025 525 videmus.
2065 455 2248 527 Idem
2266 480 2343 526 ex
2361 480 2445 524 eo
2470 456 2829 528 confirma-

407 582 511 630 tut
531 599 554 635 ,
586 553 772 653 quod
791 555 1082 654 liquores
1101 554 1234 632 illi,
1271 577 1348 625 ut
1367 577 1538 651 aqua
1558 560 1626 623 δε
1644 557 1865 624 vinum
1891 606 1913 650 ‚
1946 558 2012 624 in
2028 579 2237 627 unum
2256 580 2366 628 vas
2382 551 2576 628 infufi
2590 552 2707 628 fibi
2724 564 2829 628 in-

401 663 613 742 vicem
637 655 1101 755 permiscentur
1122 709 1144 744 ,
1176 680 1314 727 non
1337 679 1523 726 more
1541 650 1862 725 ficcorum
1880 678 2236 756 corporum
2260 662 2388 748 (uti
2407 681 2605 757 grana
2628 663 2826 730 tritici

401 755 716 844 &hordei
737 802 762 836 ,
782 763 1046 834 -nummi
1061 759 1236 829 aurei
1261 764 1329 827 &
1355 760 1695 854 argentei)
1730 781 1874 852 quae
1889 753 2159 828 discreta
2182 783 2455 830 manent
2472 811 2492 844 ,
2517 754 2730 831 sedita
2750 774 2823 830 ut

384 853 652 951 'interfit'
683 855 1201 930 confundantur.
1253 855 1524 955 Proprie
1546 880 1833 953 namque
1852 854 1986 928 haec
2011 856 2253 928 dicitur
2267 859 2534 953 consufio,
2571 867 2725 958 quia
2743 855 2824 929 li-

378 955 751 1057 ·quidorutn
780 958 875 1031 est
896 1011 923 1043 ν,
954 982 1104 1053 quae
1124 955 1309 1029 fimul
1326 953 1732 1042 funduntur,
1765 982 1966 1054 quam
1981 955 2435 1054 jurisconsulti
2456 955 2697 1056 signate
2714 960 2823 1031 lo-

387 1082 666 1158 quentes
680 1058 1052 1133 aficcorum
1069 1059 1469 1127 commixtione
1486 1055 1917 1157 distinguunt.
1966 1063 2273 1156 Denique
2290 1073 2512 1127 motus
2528 1057 2636 1129 ille
2656 1065 2724 1131 in
2744 1057 2823 1129 li-

384 1184 685 1260 quorum
734 1153 1034 1256 partibus
1062 1155 1212 1226 inde
1238 1151 1714 1252 comprobatur
1732 1201 1754 1236 ‚
1790 1155 1977 1255 quod
1999 1164 2063 1230 in
2088 1157 2437 1231 crassorum
2460 1181 2822 1256 corporum

386 1282 608 1360 partes
629 1254 688 1326 se
711 1254 1033 1328 insinuant
1048 1297 1076 1331 ›
1096 1251 1315 1350 sicque
1336 1254 1445 1322 illa
1464 1249 1622 1353 saepe
1643 1281 1909 1327 cottum
1959 1281 2076 1330 unt
2096 1312 2117 1344 ,
2152 1282 2225 1329 ut
2240 1279 2424 1357 patet
2439 1260 2502 1326 in
2523 1255 2822 1330 carnibus

394 1362 524 1427 a'e’ri
564 1357 783 1426 aestivo
803 1351 1109 1453 expofitis
1129 1355 1233 1423 vel
1256 1350 1426 1423 dulci
1449 1377 1630 1447 aquae
1653 1362 1886 1425 immet
1914 1382 2005 1439 ¹83
2046 1353 2202 1454 saepe
2226 1355 2498 1428 dilatant
2516 1365 2585 1429 &
2606 1371 2828 1427 exten-

397 1455 563 1525 dunt
580 1503 603 1537 ‚
639 1455 963 1552 impluvio
985 1451 1164 1524 coelo
1184 1446 1701 1551 deprehenditur
1718 1457 1785 1520 in
1807 1453 2242 1552 valvisligneis
2261 1505 2280 1533 ,
2309 1465 2380 1526 ὅ(
2396 1454 2605 1554 liquet
2622 1462 2688 1527 in
2705 1481 2828 1556 pa-

393 1579 476 1625 ne
509 1549 608 1621 bis
633 1559 834 1625 cocto
858 1605 880 1638 ,
914 1556 1029 1650 qui
1048 1551 1200 1623 lacti
1221 1552 1501 1625 velvino
1524 1549 1621 1618 est
1637 1553 1894 1621 intritus
1917 1579 1938 1635 3
1965 1547 2126 1652 saepe
2145 1556 2212 1620 in
2233 1577 2456 1628 tenues
2470 1555 2820 1655 particulas

391 1648 726 1726 resolvunt
748 1703 772 1738 ,
808 1671 885 1726 ut
919 1674 1101 1753 patet
1135 1658 1206 1723 in
1240 1674 1426 1723 terrae
1447 1648 1887 1750 gleba&aliis
1908 1650 2298 1752 corporibus
2320 1708 2342 1740 ‚
2376 1681 2516 1754 quae
2532 1662 2816 1730 inaceto

388 1750 494 1830 vel
531 1778 706 1852 aqua
734 1748 969 1855 frigida
988 1805 1010 1840 ‚
1039 1777 1122 1824 ne
1146 1751 1364 1824 dicam
1380 1749 1462 1822 de
1482 1748 1735 1836 calida,
1765 1748 2212 1826 dissolvuntur.
2267 1755 2499 1855 Qod
2522 1759 2589 1827 in
2603 1782 2815 1858 poros

386 1855 838 1956 ingrediuntur
868 1854 1206 1954 liquorum
1236 1849 1360 1924 111ae
1390 1877 1606 1953 partes
1627 1908 1648 1937 ,
1679 1850 1928 1952 probat
1954 1855 2023 1924 in
2046 1857 2125 1927 iis
2144 1850 2268 1925 eise
2294 1880 2596 1929 motum:
2675 1854 2817 1928 uod

379 1962 449 2034 in
463 1981 675 2054 poros
689 1980 1085 2056 quocunque
1106 1953 1325 2029 modo
1352 1950 1501 2026 fitos
1520 1958 1812 2055 irrepunt
1832 2008 1854 2040 ‚
1882 1949 2127 2056 probat
2149 1978 2411 2028 motum
2431 1961 2507 2030 iis
2526 1884 2718 2031 ineffi'e
2744 1963 2816 2031 &
2899 1986 2904 1990 ·

373 2053 626 2127 lentum
646 2064 715 2129 &
734 2062 1009 2130 varium.
1108 2057 1113 2060 Δ
1254 2053 1257 2056 ’
1416 2127 1421 2130 ,
2432 2134 2437 2140 ,

330 2216 333 2220 ⁴
384 2175 395 2182 ’
464 2180 536 2247 9.
590 2156 774 2232 Cum
805 2161 1027 2258 itaque
1057 2157 1213 2229 varii
1249 2161 1321 2228 δε
1357 2150 1744 2257 lingularum
1773 2158 2052 2254 partium
2070 2148 2573 2258 proptii'fintisti
2588 2183 2814 2235 motus

374 2257 443 2326 in
482 2255 699 2328 fluidis
715 2302 741 2334 ‚
773 2256 895 2331 sive
929 2255 1157 2331 volent
1175 2253 1303 2328 five
1325 2279 1555 2356 repant
1626 2253 1907 2326 articulae
1922 2304 1948 2340 ‚
1977 2252 2259 2354 sequitur
2284 2281 2389 2331 tot
2405 2287 2628 2333 earum
2652 2256 2810 2331 ferri

274 2367 285 2375 “
373 2355 446 2421 in
465 2377 660 2423 unam
677 2362 1015 2454 regionem
1037 2407 1058 2440 ‚
1076 2378 1243 2454 quot
1256 2359 1323 2425 in
1341 2355 1561 2442 aliam,
1576 2282 1717 2426 boc
1735 2354 1850 2438 est,
1868 2375 1972 2423 tot
1990 2353 2244 2438 sursum,
2270 2380 2440 2457 quot
2455 2356 2762 2433 deorsum
2781 2413 2802 2442 ,

380 2471 486 2535 tot
518 2448 1087 2533 dextrorsum‚&c.
1125 2452 1275 2526 vide
1309 2453 1403 2526 th.
1428 2478 1497 2549 5.
1550 2450 1743 2548 Quid
1782 2458 1977 2554 igitur
2011 2453 2126 2525 fiet
2158 2456 2240 2524 de
2276 2483 2560 2555 corpore
2585 2457 2800 2540 duro,

376 2549 557 2645 quod
601 2549 892 2646 undique
924 2549 1132 2622 fluido
1150 2557 1465 2650 cingitur?
1512 2553 1713 2652 Resp.
1771 2552 2124 2622 Necessum
2140 2559 2365 2648 utique
2389 2555 2480 2624 est
2498 2608 2517 2638 ,
2549 2560 2631 2627 =ut
2652 2556 2803 2625 cor-⁴·

373 2673 498 2747 pus
535 2645 702 2720 illud
743 2645 983 2721 durum
1019 2655 1384 2722 contrarios
1404 2650 1556 2721 istos
1582 2650 1769 2721 fluidi
1796 2648 2260 2749 particularum
2283 2646 2552 2723 insultus
2570 2676 2805 2727 omnes
2853 2740 2858 2745 „

374 2751 688 2850 excipiat3
726 2773 1021 2847 cumque
1043 2773 1182 2820 non
1210 2757 1427 2845 major
1441 2746 1624 2821 causa
1643 2745 1753 2834 sit,
1788 2771 1902 2819 cur
1918 2746 2015 2816 his
2027 2744 2253 2845 potius
2274 2772 2493 2821 eamm
2514 2751 2604 2820 im
2659 2745 2804 2822 ulii-

373 2845 496 2921 bus
523 2849 723 2949 quim
748 2847 874 2920 illis
904 2848 1099 2920 cedat
1124 2900 1146 2934 ,
1178 2847 1496 2946 quamdiu
1527 2845 1647 2950 ipfi
1667 2844 1809 2921 sunt
1826 2844 2099 2945 aequales
2115 2854 2183 2920 ὅ(
2203 2870 2421 2921 totum
2438 2845 2550 2921 fim
2643 2850 2802 2925 loco

371 2946 486 3021 suo
521 2973 661 3021 non
691 2973 1004 3023 movetur
1023 3002 1046 3035 ,
1087 2946 1414 3023 neceffum
1447 2948 1537 3021 est
1556 3002 1578 3037 ,
1606 2972 1681 3022 ut
1712 2954 1882 3022 inter
1907 2973 2140 3020 omnes
2166 2949 2316 3021 istos
2333 2946 2641 3057 impulsus
2657 2976 2803 3025 tan..

373 3075 572 3147 quam
590 3056 656 3122 in
683 3046 1052 3153 aequilibrio
1071 3046 1374 3122 consistat
1389 3104 1412 3137 ,
1433 3074 1644 3151 neque
1662 3054 1870 3152 magis
1886 3045 2096 3121 versus
2118 3047 2285 3122 hanc
2300 3075 2576 3149 partem,
2597 3052 2801 3149 qudm

370 3146 583 3224 versus
616 3148 795 3223 illam
831 3148 1269 3252 propendeat.
1321 3154 1471 3223 Hac
1513 3156 1762 3245 ratione
1784 3174 1966 3224 terrae
1986 3149 2216 3224 nostrae
2239 3148 2614 3224 fluidissimo
2637 3150 2797 3226 caelo

250 3329 265 3339 ,
373 3249 663 3350 undique
706 3254 935 3325 cincloe
953 3256 1246 3349 quietem
1267 3248 1390 3323 five
1412 3249 1957 3323 immobilitatem
1982 3253 2206 3324 animo
2228 3258 2655 3353 concipimus.
2711 3257 2802 3329 At

373 3348 951 3448 quemadmodum
979 3376 1124 3452 pars
1157 3351 1358 3425 altera
1391 3349 1660 3437 bilancis
1684 3354 1723 3423 εὶ
1747 3355 1805 3420 vi
1832 3373 2092 3423 externa
2106 3357 2306 3425 etiam
2327 3359 2599 3425 minima
2611 3350 2802 3427 facile

368 3449 695 3524 attollitur
737 3454 840 3523 vel
879 3450 962 3523 de
1016 3457 1313 3525 rimitut:
1347 3458 1436 3524 ita
1467 3455 1853 3552 contingere
1880 3449 2094 3550 potest
2116 3504 2136 3537 ,
2173 3475 2246 3525 ut
2277 3478 2516 3553 corpus
2557 3453 2799 3527 durum

366 3556 557 3625 omni
597 3577 674 3622 ex
713 3576 896 3652 parte
941 3581 977 3624 a
1013 3553 1222 3631 fluido
1257 3551 1740 3625 circumdatum
1777 3554 2061 3649 atquein
2084 3577 2169 3623 eo
2192 3549 2525 3652 quiescens
2548 3553 2584 3626 :i
2612 3556 2673 3626 vi
2691 3580 2799 3630 ex-

363 3646 546 3741 terna
577 3650 679 3724 vel
710 3655 984 3729 minima
1019 3652 1103 3724 ad
1145 3678 1408 3728 motum
1433 3659 1775 3726 incitetur:
1821 3676 1961 3751 quo
1977 3651 2668 3731 intuituArchimedes
2687 3653 2793 3733 di·
2890 3654 2901 3662 “

360 3757 487 3832 xit,
524 3755 670 3825 Des
692 3758 1016 3854 punctum
1032 3777 1204 3827 extra
1227 3776 1468 3827 terram
1491 3750 1846 3827 immobile
1866 3804 1887 3836 ,
1925 3748 2263 3824 hancloco
2288 3752 2679 3829 dimovebo.

468 3879 493 3926 ι
509 3880 577 3927 o.
624 3855 701 3927 N
708 3880 874 3959 eque
894 3860 1071 3928 enim
1091 3862 1436 3957 requiritur
1455 3880 1523 3926 ut
1543 3862 1632 3929 vis
1651 3853 1761 3925 illa
1778 3874 2037 3930 externa
2055 3879 2326 3926 omnem
2347 3908 2368 3940 ,
2397 3861 2508 3955 qui
2531 3861 2599 3931 in
2616 3852 2808 3925 duto‘

357 3950 478 4033 isto
501 3979 787 4060 corpore
804 3964 1126 4059 reperitur
1143 4010 1169 4049 ,
1209 3982 1472 4031 motum
1492 3956 1842 4125 largiatug
1877 3976 1945 4026 at
1960 3950 2195 4031 sufficit
2214 3978 2288 4028 ut
2303 3951 2414 4043 suo
2433 3954 2518 4026 ad
2532 3954 2821 4045 alteram⁶

1042 4076 1049 4085 ·
1486 4084 1489 4085 ⁷
1849 4077 1887 4124 c
1945 4081 1984 4127 2
2189 4086 2194 4090 ·
2553 4065 2808 4148 partem
