3391 4418
1025 134 2123 232 PHYs1eAVI.
2626 173 2778 253 ¹09

355 282 451 331 tas
470 253 574 329 vel
592 249 890 354 asperitas
908 276 926 321 ε
967 249 1057 321 ita
1078 256 1334 322 tatione
1357 256 1681 324 interioris
1704 249 2129 325 schematifini
2152 258 2225 324 &-
2240 250 2781 355 configurationis

356 362 639 458 partium
673 346 985 454 porosum
1016 349 1247 422 dieitur
1271 378 1381 424 aut
1416 349 1543 422 sine
1576 358 1798 451 poris,
1828 350 1960 425 hoc
1985 355 2110 431 est,
2152 350 2456 424 solidum.
2521 353 2774 429 Adhaec

357 464 587 528 raritas
622 481 694 526 ac
737 448 1015 524 densitas
1054 478 1193 524 non
1230 451 1348 523 nisi
1378 456 1442 522 in
1473 480 1796 553 potorum
1821 456 2288 527 dilatatione&
2314 458 2772 528 imminutione

359 556 463 629 vel
497 550 884 627 omnimoda
919 549 1278 624 sublatione
1315 561 1622 637 vertitur,
1652 576 1724 625 ut
1753 555 1977 654 postea
2011 553 2273 627 uberius
2304 552 2777 653 explanabitur.

357 664 784 755 Qapropter
798 653 931 724 haec
955 660 1022 724 ὃ(
1044 651 1272 725 similia
1292 652 1375 723 ad
1395 653 1670 754 figuram
1686 661 2030 754 pertinent.

455 784 483 830 1
502 785 564 829 2.
615 764 822 849 Figura
842 753 1004 824 vero
1017 750 1147 852 ipsa
1167 755 1360 853 ponit
1377 757 1499 827 ess'e
1517 753 1954 826 extensionem
1968 812 1987 838 ,
2014 780 2089 827 ex
2108 763 2287 854 cujus
2309 760 2779 830 terminatione

351 864 577 948 oritur.
632 859 809 931 Nam
832 852 879 926 si
902 850 1224 925 extensum
1240 860 1725 926 interminatum
1750 862 2116 955 cogitemus
2140 908 2163 939 ,
2186 855 2432 928 nullam
2448 867 2585 954 ejus
2603 858 2772 957 figu-

348 986 488 1031 ram
527 954 972 1057 agnoscemus.
1031 954 1410 1052 Concipere
1441 963 1621 1025 enim
1656 955 1990 1054 possumus
2027 954 2301 1056 figuram
2347 982 2616 1027 omnem
2654 983 2768 1027 au-

346 1057 494 1132 ferri
515 1058 600 1130 ab
620 1060 845 1153 aliquo
868 1077 1145 1150 corpore
1169 1107 1190 1137 ‚
1231 1078 1465 1150 nempe
1489 1051 1742 1127 fiib'lato
1758 1055 1922 1127 illius
1942 1063 2011 1135 ὃ(
2035 1061 2502 1154 contiguorum
2525 1079 2769 1155 corpo-

343 1187 486 1232 rum
508 1183 725 1230 motu.
783 1157 890 1222 Sic
911 1158 1086 1231 enim
1109 1151 1268 1221 nulli
1291 1151 1673 1223 extensionis
1690 1160 1948 1225 termini
1971 1153 2274 1251 adeoque
2300 1153 2652 1251 necfigurae
2670 1178 2775 1225 re-

340 1260 754 1357 linquuntur.
811 1248 1171 1321 Considera
1202 1246 1478 1348 globum
1510 1250 1765 1346 prorsus
1801 1250 2071 1321 densum
2091 1252 2274 1322 simili
2291 1248 2632 1323 substantia
2650 1279 2770 1322 un-

343 1359 685 1451 diquaque
723 1345 999 1424 ambiri,
1042 1373 1183 1442 qua:
1214 1371 1371 1415 mox
1401 1372 1551 1415 cum
1585 1373 1668 1415 eo
1703 1348 1954 1444 prorsus
1974 1348 2291 1418 coalescat
2309 1356 2376 1418 in
2396 1374 2600 1419 unum
2621 1344 2771 1421 cor-

345 1480 469 1553 pus
490 1506 513 1538 ‚
554 1461 625 1523 &
647 1450 921 1546 figuram
942 1444 1126 1545 globi
1151 1442 1319 1513 illius
1335 1440 1646 1513 sublatam
1665 1470 1912 1515 cernes.
1979 1448 2316 1540 Percipere
2338 1471 2607 1546 quoque
2624 1447 2769 1549 pos-

350 1551 565 1622 sumus
586 1600 607 1632 ,
650 1548 926 1646 figuram
957 1541 1198 1615 tolli-ab
1222 1545 1409 1613 omni
1432 1568 1756 1643 corpore,
1795 1541 2111 1640 siquidem
2126 1542 2335 1645 posita
2356 1552 2770 1620 interminata
2826 1573 2832 1579 ·

351 1650 560 1723 totius
588 1641 868 1717 universi
898 1639 1261 1714 extensione
1289 1642 1462 1738 (vide
1492 1641 1647 1741 disp.
1669 1668 1736 1735 5.
1769 1641 1863 1713 th.
1894 1655 2032 1736 14.)
2061 1643 2482 1718 universalem
2505 1652 2562 1717 ei
2579 1653 2768 1745 quie-

350 1773 489 1822 tem
522 1747 982 1824 attribuamus,
1020 1768 1131 1813 aut
1164 1740 1420 1812 nullum
1448 1748 1513 1813 iri
1535 1766 1899 1813 eomotum
1920 1743 2041 1814 effe
2065 1745 2166 1815 vel
2184 1742 2360 1817 fuisse
2380 1752 2772 1846 cogitemus.

341 1855 582 1945 Sicque
605 1843 850 1944 duplici
871 1866 1255 1943 argumento
1285 1838 1581 1914 discimus
1600 1896 1623 1928 ,
1650 1849 1718 1912 in
1732 1843 1942 1942 figura
1961 1869 2099 1913 non
2121 1844 2243 1916 effe
2264 1844 2447 1917 sitam
2467 1856 2774 1947 corporis«

340 1945 674 2021 essentiam
690 1990 724 2021 2
747 1969 889 2016 tum
915 1950 1066 2040 quia
1081 1942 1225 2015 tolli
1247 1938 1430 2013 abeo
1442 1943 1703 2042 postest,
1738 1966 1884 2013 tum
1902 1948 2186 2039 quia,ut
2205 1969 2275 2017 ut
2297 1945 2595 2018 tollinon
2607 1945 2762 2048 pos-

335 2045 471 2132 set,
505 2041 944 2117 extensionem
1013 2040 1440 2141 raesupponit.

441 2172 466 2219 1
494 2174 556 2239 3.
601 2141 719 2215 Ad.
747 2069 1204 2215 extensfonem.
1226 2138 1670 2215 referebamus
1704 2147 1989 2242 partium
2024 2168 2199 2228 extra
2237 2170 2454 2246 partes
2477 2141 2761 2245 positio-

330 2271 485 2319 nem
507 2302 530 2332 ,
569 2249 1067 2315 continuitatem
1084 2297 1103 2325 ,
1128 2241 1633 2316 divifibilitatem
1660 2293 1683 2329 ,
1707 2250 2137 2340 quantitatem
2160 2300 2182 2333 ,
2207 2246 2765 2347 magnitudinem*

325 2351 533 2421 Nunc
564 2345 846 2443 penitius
888 2340 1295 2442 inspiciamus
1338 2399 1360 2429 ,
1418 2344 1738 2442 quidnam
1772 2369 1845 2415 ex
1883 2342 1982 2415 his
2012 2353 2298 2443 primum
2330 2345 2406 2416 lit
2428 2351 2495 2415 in
2514 2371 2758 2417 conce-

330 2471 455 2547 ptu
490 2445 708 2538 nostro
728 2496 749 2528 ,
788 2442 946 2540 quid
974 2450 1042 2512 in
1076 2469 1356 2542 corpore
1385 2452 1688 2516 intimum
1714 2499 1733 2528 ‚
1761 2443 1919 2542 quid
1937 2444 2219 2544 denique
2232 2450 2511 2516 maxime
2524 2443 2751 2545 politi-

328 2569 489 2618 vum
519 2565 714 2640 atque
751 2539 1147 2614 absolutum.
1201 2543 1371 2615 illud
1403 2550 1592 2615 enim
1614 2541 1824 2615 soliun
1845 2541 2170 2617 essentiam
2192 2548 2487 2646 corporis
2513 2545 2751 2617 vocare

327 2645 545 2730 liceat.
877 2641 882 2646 ¹

430 2772 541 2836 ¹4·
601 2742 929 2842 Equidem
948 2745 1150 2847 siquis
1166 2752 1284 2817 tria
1303 2743 1413 2814 ista
1432 2801 1448 2827 ,
1479 2742 1918 2818 extensionem
1938 2799 1957 2832 ‚
1990 2750 2461 2845 quantitatem3
2498 2772 2602 2816 ma
2651 2750 2761 2816 ni·-

326 2843 627 2916 tudinem
642 2870 768 2945 pro
790 2871 857 2916 re
872 2847 1105 2920 eadem
1131 2848 1284 2918 velit
1305 2842 1545 2916 sumere
1566 2898 1587 2929 ,
1612 2871 1823 2944 neque
1842 2845 2014 2919 aliud
2029 2845 2162 2917 hoc
2182 2844 2516 2917 vocabulo
2532 2897 2551 2932 ,
2569 2773 2763 2917 asind-

322 2943 446 3017 illis
469 2941 777 3046 designari
801 2948 1179 3046 pertendat,
1222 2946 1429 3019 nolim
1457 2973 1721 3018 cum-eo·
1734 2953 2176 3027 contentionis
2191 2939 2424 3019 serram
2447 2945 2562 3017 diu
2582 2955 2747 3022 reci·-

322 3070 621 3143 procare.
675 3048 1003 3119 Attamen-
1027 3048 1080 3118 si
1108 3043 1331 3117 lubeat
1362 3071 1500 3116 rem
1524 3045 1920 3146 pensiculate
1943 3045 2232 3118 subtilius
2257 3090 2293 3123 ‚2
2322 3073 2460 3116 non
2488 3045 2746 3116 videtur

325 3149 857 3247 omnino-negari
882 3146 1100 3247 posse,
1140 3143 1466 3219 extensum
1502 3148 1621 3218 esse
1661 3145 1822 3244 quid
1858 3153 1922 3215 in
1953 3169 2233 3244 corpore
2261 3143 2747 3245 magis-absolu·-

322 3268 461 3316 tum
482 3298 504 3331 ,
536 3270 852 3342 quantum
893 3250 1062 3321 vero
1093 3253 1161 3317 &
1198 3272 1509 3347 mag-num
1533 3245 1653 3317 effe
1676 3251 1882 3344 magis
1905 3242 2289 3342 respectiva5
2322 3245 2747 3343 quandoqui-

316 3344 470 3416 dem
512 3351 606 3415 uti
645 3371 963 3443 quantum
998 3345 1081 3417 ad
1104 3370 1398 3432 tautum,
1427 3352 1516 3415 ita
1532 3370 1842 3445 magnum
1859 3342 1941 3411 ad
1965 3357 2234 3442 parvum
2252 3348 2545 3417 retertur.
2601 3348 2745 3416 Ne-

316 3471 446 3544 que
478 3442 609 3544 ipsa
632 3449 1005 3543 quantitatis
1024 3446 1376 3546 appellatio
1393 3444 1567 3515 aliud
1593 3449 1799 3515 menti
1817 3439 2078 3513 exhibet
2094 3496 2115 3526 ,
2150 3469 2346 3540 quam
2368 3466 2610 3514 certam
2628 3442 2747 3513 de-

315 3549 951 3618 tetminationem&
990 3544 1352 3632 mensuram
1387 3542 1809 3615 extensionis„
1861 3546 2019 3613 Hoc
2056 3549 2229 3612 enim
2256 3543 2371 3612 fibi
2402 3544 2538 3612 vult
2570 3568 2747 3640 qua:-

315 3645 436 3717 stio
458 3700 479 3733 ,
497 3670 629 3741 qua
649 3669 1328 3745 rogamusivquantum
1347 3643 1436 3715 est
1457 3659 1490 3713 Ξ
1505 3642 1790 3737 integros}
1811 3662 1831 3716 ἓ
1874 3642 2022 3715 Ubi
2045 3647 2236 3740 ponis
2252 3641 2453 3711 veluti
2477 3667 2761 3727 notum‚„

312 3742 431 3816 esse
455 3746 730 3842 aliquod
748 3768 1055 3846 magnum
1072 3744 1177 3814 seu
1198 3740 1528 3814 extensum
1543 3787 1565 3820 ‚
1604 3743 1917 3812 necaliud
1934 3744 2164 3839 quaeris
2191 3740 2574 3836 quamillius
2601 3769 2745 3811 rna·

306 3842 662 3944 gnitudinis
711 3844 816 3915 vel
865 3842 1249 3916 extensionis
1294 3839 1679 3912 mensuram.
1754 3839 2013 3912 Confer
2048 3836 2432 3938 Ontosoph.
2474 3843 2538 3916 §.
2578 3868 2603 3909 1
2620 3864 2758 3911 022-

308 3942 610 4047 Ideoque
637 3951 824 4047 prior
863 3945 955 4017 est
988 3952 1054 4017 δι
1075 3948 1305 4044 potior
1324 3935 1722 4015 extensionis
1745 3942 1940 4037 quain
1965 3946 2338 4043 quantitatis
2355 3960 2766 4036 conceptus..

1650 4045 1718 4112 O
1780 4068 1824 4132 s
2524 4029 2740 4126 <200⁴
