3391 4418
568 145 739 227 2¹4
1201 114 2304 199 DrspurATro

571 234 722 330 fixas
752 231 1102 330 conspicimus
1126 278 1147 312 ,
1182 223 1357 316 quim
1376 229 1568 296 omnia
1583 246 1755 320 opaca
1775 228 1847 304 ά·
1871 230 2057 297 alieno
2072 227 2876 326 tantumluminesplendentia
2896 258 3007 308 ex·

576 330 828 428 estimare
851 357 868 401 .·
904 325 1252 428 ptaesertim
1286 349 1358 420 4.
1372 325 1421 396 fi
1442 326 1638 399 exista
1657 325 2004 426 hypothefi
2021 330 2256 397 cuncta
2274 325 2712 426 phaenomena
2731 332 3005 426 caelestia

588 442 862 531 (nempe
880 427 1050 502 Solis
1066 435 1136 500 &
1157 428 1446 497 Fixarum
1462 427 1604 503 lux,
1641 428 1847 526 figura
1864 481 1886 514 ,
1927 423 2078 498 fitus
2095 481 2116 512 ‚
2149 437 2469 499 novatum
2487 434 2657 501 inter
2680 433 2833 506 fixas
2855 437 3003 506 stel-

580 529 789 610 larum
813 585 834 615 ,
868 533 1305 602 Cometatum
1336 531 1494 597 item
1514 528 1866 623 produCtio
1888 535 2060 616 διε.)
2096 523 2184 596 fic
2206 527 2504 628 explicati
2522 530 2767 628 poffint
2783 590 2802 617 ,
2834 560 2906 607 ut
2929 538 3002 609 δε

583 657 734 704 cum
755 653 996 701 naturae
1009 623 1260 726 legibus
1280 631 1530 699 &inter
1544 622 1601 697 se
1622 633 1913 726 apprime
1934 623 2360 699 consentiant.

693 756 756 819 3.
809 732 901 799 At
923 728 1075 798 cum
1096 722 1271 824 apud
1297 751 1419 797 nos
1439 752 1676 824 corpus
1692 726 1946 798 nullum
1970 725 2261 799 lucidum
2283 723 2561 802 simul&
2580 731 2859 802 calidum
2876 729 3000 805 ess‘c

590 832 992 928 experiamur
1008 878 1030 911 ,
1073 829 1232 924 quin
1262 823 1535 896 flamma
1560 824 1636 897 fit
1674 831 1924 924 &ignis
1944 879 1966 911 ,
2005 829 2372 899 examinant
2390 828 2586 929 digna
2598 831 2707 902 hic
2720 828 3001 904 nascitur

586 927 852 1026 quaestio
868 978 891 1012 ,
913 949 1047 996 num
1063 926 1248 994 Solem
1263 926 1337 1001 (y
1347 945 1446 1018 per
1461 924 1779 1019 consequens
1782 926 1934 1018 fixas
1938 921 2126 1020 steuas
2143 928 2681 1022 etiamproflammic
2698 933 2769 1008 (φ
2787 934 3003 1024 ignibus

585 1028 782 1099 habere
800 1028 993 1095 liceat.
1015 1018 1212 1121 Resp.
1230 1048 1250 1091 1
1266 1076 1283 1095 .
1299 1023 1370 1095 id
1389 1024 1653 1122 quidem
1670 1021 1753 1094 de
1769 1023 1925 1096 Sole
1944 1020 2102 1096 visus
2122 1051 2197 1096 ac
2221 1030 2429 1099 tactus
2443 1027 2754 1101 indicant.
2783 1036 3009 1104 2.·Ra-

592 1131 690 1197 tio
706 1123 880 1195 idem
898 1120 1273 1195 confirmat.
1337 1125 1519 1195 Nam
1542 1121 1899 1223 intelligere
1921 1149 2058 1195 non
2072 1123 2403 1224 possumus
2420 1178 2440 1207 ‚
2475 1155 2610 1226 quo
2630 1134 2829 1229 patilo
2852 1156 3015 1202 cor·

586 1250 708 1326 pus
727 1220 1002 1322 aliquod
1016 1227 1311 1294 nativum
1328 1225 1553 1296 lumen
1571 1222 1839 1304 habere,
1865 1220 2121 1322 ejusque
2143 1229 2514 1300 interventu
2533 1227 2818 1301 calorem
2834 1257 3013 1329 pro-

581 1327 816 1397 ducere
833 1343 1054 1423 queat,
1077 1319 1190 1395 nili
1206 1327 1471 1435 igneum
1495 1320 1710 1398 fucrit.
1732 1324 2060 1423 Equidem
2082 1328 2252 1397 inter
2267 1324 2494 1400 lumen
2517 1338 2589 1403 δε
2609 1328 2760 1402 inde
2777 1355 3008 1406 ortum

582 1424 872 1497 calorem
888 1445 1026 1496 tam
1043 1426 1386 1495 neccssaria
1407 1450 1556 1513 cum
1578 1433 1732 1526 Igne
1758 1421 2016 1497 videtur
2037 1424 2160 1496 effe
2180 1434 2503 1502 connexio
2526 1474 2550 1506 2
2580 1431 2780 1529 quam
2800 1432 3011 1511 estin-

581 1550 679 1598 ter
700 1523 1107 1609 intellestum
1135 1531 1367 1622 &quae
1379 1548 1531 1597 eum
1553 1525 2335 1610 comitaturflvoluntatem
2363 1582 2385 1616 ,
2423 1555 2574 1601 cum
2588 1534 2863 1602 Animo.
2918 1535 3008 1608 Et

589 1651 652 1716 3.
675 1649 824 1694 cum
848 1628 1329 1725 propinquiora
1366 1650 1678 1722 corpora,
1713 1651 1858 1723 quae
1879 1624 2092 1697 lucida
2115 1624 2301 1699 simul
2324 1638 2394 1702 &
2429 1628 2643 1701 calida
2666 1632 2790 1706 esse
2812 1630 3008 1710 senti-

522 1731 525 1734 ’
585 1727 818 1809 timus,
860 1730 1095 1798 cuncta
1111 1732 1299 1823 ignea
1318 1721 1921 1822 deprehendamus,
1962 1751 2036 1796 ac
2058 1724 2141 1797 de
2157 1726 2467 1802 fimilibus
2489 1727 2689 1802 simile
2705 1734 3012 1830 judican-

584 1821 749 1899 dum
768 1823 845 1897 fit
861 1869 884 1905 ‚
924 1823 1101 1896 nulla
1122 1828 1288 1894 ratio
1310 1822 1500 1893 datur
1516 1874 1538 1907 ,
1561 1849 1675 1894 cur
1692 1826 1920 1896 Solem
1936 1850 2011 1897 ex
2027 1832 2282 1926 Ignium
2303 1856 2583 1903 numero
2595 1837 2963 1908 eximamus
2977 1880 3004 1917 2

577 1950 688 1997 aut
728 1923 913 1994 aliter
940 1923 1024 1994 de
1046 1919 1419 2021 ipso'quam
1440 1920 1524 1992 de
1547 1927 1812 2022 ingente
1829 1926 2094 1997 flamma
2120 1926 2701 2031 philosophemur:
2740 1932 3006 2034 praeser-
3079 1963 3082 1964 ⁷

576 2029 694 2093 tim
712 2046 784 2116 4.
827 2028 982 2119 quia
1001 2019 1171 2092 Solis
1192 2019 1600 2110 divinitatem
1619 2044 1821 2122 atque
1836 2026 2529 2127 incorruptibilitatem
2548 2059 2699 2106 curn
2721 2034 3007 2112 ethnicis

571 2144 938 2218 corumque
960 2116 1340 2219 sequacibus
1353 2145 1494 2193 non
1514 2121 1924 2197 admittimus
1946 2178 1969 2213 ‚
2011 2132 2102 2197 uti
2126 2150 2311 2229 patet
2334 2130 2370 2203 ὲ
2390 2128 2548 2233 disp.
2566 2135 2864 2236 proxime
2884 2161 3011 2208 an-

576 2220 945 2293 tecedente.
2816 2251 2819 2254 ’

670 2347 745 2412 4.
794 2320 928 2394 Sed
945 2374 967 2407 ,
1000 2321 1310 2417 inquiunt
1332 2372 1356 2408 ,
1394 2316 1442 2392 fi
1474 2321 1707 2397 cadem
1734 2326 1826 2396 est
1854 2351 2081 2401 natura
2098 2328 2268 2403 Solis
2284 2357 2425 2430 quae
2439 2338 2611 2433 Ignis
2625 2333 2802 2436 apud
2822 2342 2950 2410 nos
2973 2391 3001 2425 ‚

571 2427 861 2521 requiret
895 2425 1093 2494 etiam
1175 2418 1444 2494 abulum
1465 2448 1602 2520 quo
1624 2424 1831 2499 alatur
1849 2481 1868 2512 ‚
1905 2455 2123 2528 eoque
2147 2429 2495 2504 deficiente
2521 2435 2638 2507 Sol
2663 2442 3006 2537 extingue-

573 2547 699 2599 tur.
751 2524 931 2596 Nam
950 2521 1064 2621 qui
1080 2548 1116 2593 a
1194 2547 1361 2595 tmat
1374 2524 1771 2598 antecedens
1788 2525 1948 2600 illud
1970 2574 1991 2609 ‚
2013 2538 2067 2602 is
2085 2536 2284 2603 etiam
2313 2530 2445 2603 hoc
2463 2533 2812 2609 necessario
2832 2562 3007 2625 con·-

568 2620 839 2722 sequcns
851 2622 1172 2697 affirmare
1191 2647 1469 2698 tenetur.
1500 2625 1702 2701 Unde
1729 2650 1947 2699 autem
1968 2626 2282 2706 sufficiens
2296 2631 2519 2732 pabuli
2535 2643 2729 2737 copia
2749 2637 2832 2709 ad
2852 2662 3001 2725 tan-

571 2748 711 2797 tum
761 2730 981 2824 ignem
1019 2721 1579 2800 conservandum?
1614 2729 1867 2827 Utique
1900 2735 2076 2802 enim
2108 2759 2246 2830 quo
2284 2739 2500 2831 major
2516 2742 2686 2837 ignis
2710 2746 2732 2823 ,⁷
2761 2740 2844 2811 eo
2867 2764 2996 2809 co-

616 2820 808 2894 iofius
844 2824 1229 2896 alimentum
1268 2830 1642 2922 requiritur.
1689 2825 1887 2927 Resp.
1918 2856 1975 2903 1.
1997 2828 2039 2902 fi
2065 2831 2372 2906 homines
2401 2841 2466 2906 in
2489 2842 2673 2910 terris
2691 2863 2824 2912 arte
2840 2835 2998 2939 pos?-

565 2849 688 2991 (Bmt
703 2925 883 3017 ignes
900 2917 1109 2992 facere
1128 2946 1489 3088 petpetuos
1506 2976 1527 3009 ‚
1564 2951 1640 2996 cx
1657 2933 1806 3027 igne
1824 2928 2141 3026 pabulum
2163 2987 2185 3019 ,
2224 2961 2300 3007 cx
2317 2934 2564 3035 pabulo
2589 2942 3000 3040 ignem-con-

566 3024 890 3092 tinuantes
918 3046 933 3089 ε
954 3042 1171 3089 annon
1194 3023 1216 3087 i
1268 3046 1374 3090 em
1389 3019 1590 3120 longe
1607 3033 1811 3127 magis
1834 3034 2011 3104 Deus
2027 3036 2094 3102 in
2117 3034 2285 3106 caelis
2297 3034 2493 3135 poffit
2513 3054 2533 3108 ‚²
2552 3041 2793 3138 Neque
2812 3045 2995 3112 enim

569 3117 899 3229 ambigere
946 3117 1100 3189 licet
1147 3123 1308 3214 quin
1362 3122 1632 3195 Natutae
1692 3150 1897 3226 opera
1933 3128 2342 3230 perfectione
2376 3138 2658 3211 multum
2689 3138 2993 3240 superent

567 3240 705 3289 arte
737 3220 925 3291 fasta.
996 3242 1061 3289 2.
1089 3222 1268 3291 Cum
1310 3226 1639 3293 nocturno
1676 3248 1979 3327 tempore
2021 3227 2181 3331 saepe
2217 3236 2552 3311 videamus
2590 3244 2772 3342 ignes
2798 3248 2864 3312 in
2881 3266 2993 3321 Ate-

568 3321 771 3392 motis
806 3313 1066 3413 hujusce
1103 3339 1288 3391 terrae
1329 3319 1496 3395 locis
1514 3323 1814 3400 accensos
1833 3382 1854 3412 ,
1883 3328 2056 3430 ligna
2072 3336 2147 3402 iis
2159 3332 2435 3406 admota
2451 3363 2588 3410 non
2610 3339 2946 3414 videamus
2965 3371 2992 3414 a

569 3416 736 3517 qnid
768 3422 1007 3491 mitum
1038 3412 1083 3487 fi
1118 3416 1205 3491 ad
1240 3421 1468 3495 Solem
1486 3477 1507 3508 ‚
1546 3429 1662 3522 qui
1692 3449 1880 3500 tanto
1919 3431 1955 3498 a
1983 3429 2178 3505 nobis
2221 3431 2424 3506 distat
2448 3442 2795 3523 intervallo
2817 3497 2838 3530 ,
2870 3466 3004 3543 pa·-

568 3516 826 3601 hulmn,
849 3513 893 3588 si
914 3514 1107 3615 quod,
1123 3518 1395 3595 accedat
1413 3575 1442 3604 ,‚
1458 3524 1714 3599 nullum
1733 3526 2087 3603 oculorum
2110 3528 2285 3606 sensu
2313 3540 2826 3617 animadvertere
2840 3540 3002 3644 pos-

565 3615 759 3690 sunus
787 3636 810 3690 ἒ

668 3738 731 3808 ς.
780 3724 1033 3793 verum
1054 3724 1315 3797 idrerius
1329 3725 1846 3826 investigandum
1860 3729 2173 3805 hocloco
2194 3738 2703 3835 est,an&quare
2723 3745 3006 3825 flammai

564 3819 1049 3919 omnis-pabulo
1069 3821 1387 3927 indigeat.
1419 3833 1692 3929 Qppe
1715 3855 1866 3903 cum
1889 3848 2136 3911 natutae
2155 3834 2253 3911 lex
2265 3843 2484 3938 prima
2502 3838 2577 3908 fit
2593 3889 2614 3922 ,
2636 3846 2999 3932 unumquod-

555 3940 673 4015 que·
686 3941 921 3996 nm
935 3921 1247 4021 mensim
1264 3979 1300 4015 ‚,
1318 3928 1589 4028 inquens:
1610 3980 1635 4016 ‚
1671 3933 1841 4007 dom
1860 3932 1933 4005 ab
1950 3935 2569 4038 aliqucuqitmerna
2582 3938 2708 4020 inde
2727 3940 3003 4010 deturbe-

2467 4050 2482 4056 ’
2867 4056 2995 4134 mr,
