3391 4418
643 161 795 214 120
1255 131 2393 216 ·D=1sl²u·rA·rto

625 244 1123 346 'Entispertinet
1155 244 1474 328 infinitas,
1511 252 1585 315 Bc
1620 250 1804 316 omni
1845 249 2096 317 ratione.
2138 242 2336 315 talem
2368 240 2840 343 praedicatum,
2873 242 3068 314 intel-

627 346 808 419 {cetu
839 399 860 432 ,
889 343 1259 429 voluntate,
1294 348 1626 445 potentia,
1672 343 2013 416 durat-ione
2052 353 2184 417 διε.
2251 344 2552 417 Mundus
2575 351 2730 415 vero
2755 368 2913 415 num
2934 342 3065 414 ulla

633 451 888 524 ratione
919 444 1206 516 infinitus
1237 442 1311 516 lit
1337 470 1457 515 nec
1481 470 1560 514 ne
1585 496 1601 522 ,
1629 446 2021 544 profitemur
2038 471 2160 516 nos
2180 441 2442 517 nescire.
2493 450 2746 517 Scimus
2766 444 3023 515 tantum
3045 493 3065 523 ‚

635 573 764 621 nos
794 552 858 616 in
879 540 1135 616 illo'sub
1158 543 1374 642 aliqua
1398 550 1646 615 ratione
1674 598 1695 629 ‚
1731 551 2032 616 nimirum
2056 571 2373 642 quatenus
2385 543 2475 615 est
2497 540 2785 615 extensus
2806 589 2829 620 2
2867 543 3067 641 finem

634 672 778 719 non
808 649 1133 729 invenire,
1167 668 1362 741 atquc
1403 644 1655 716 idcirco
1689 641 1978 744 respectu
2010 647 2209 717 nostri
2240 643 2919 737 dicimusindefinitum.
2976 649 3072 711 lta

539 824 552 829 ⁷
635 748 936 846 quamvis
967 741 1345 843 Philosophi
1385 742 1497 813 fibi
1522 742 1924 843 permiserint
1946 770 1976 823 ·‚
2030 769 2100 816 ut
2133 743 2642 846 appellationem
2672 742 2910 814 infiniti
2941 740 3101 821 aliis.

636 852 837 923 etiam
872 842 1065 915 rebus
1107 848 1587 943 impertirentur
1626 850 1738 931 (ut
1756 843 2026 942 quando
2050 844 2132 916 de
2159 871 2437 916 numero
2457 843 2721 914 infinito
2744 895 2766 926 ‚
2802 839 2885 912 de
2899 842 3099 913 linea.

638 945 893 1017 infinita
917 952 1049 1016 διε.
1078 942 1457 1045 disputant,)
1486 968 1608 1015 nos
1627 967 1844 1014 tamen
1866 969 1939 1015 ut
1953 943 2034 1015 de
2056 942 2357 1044 supremo
2382 946 2677 1014 Numine
2694 942 2894 1038 quam
2913 938 3073 1040 poll-

642 1042 859 1117 sumus
897 1045 1008 1114 reli
1060 1041 1359 1115 iofiffime
1396 1041 1749 1141 loquamur
1779 1049 2018 1143 pariter
2049 1054 2117 1117 &
2147 1042 2489 1125 sentiamus
2510 1097 2532 1130 ‚
2567 1041 3077 1114 Infinitinomeu

643 1142 759 1247 ipsi
782 1141 899 1216 soli
921 1070 1332 1216 regrvamus.

751 1262 859 1317 16.
916 1248 1280 1342 Qantum
1316 1244 1398 1316 ad
1427 1247 1744 1346 posterius
1770 1295 1789 1328 ,
1836 1245 1987 1316 cum
2021 1241 2291 1315 sciamus
2331 1240 2732 1314 intellectum
2763 1242 3071 1317 *nostrum

640 1342 765 1417 effe
807 1345 1068 1415 finitum
1092 1399 1109 1426 ,
1143 1346 1275 1415 Dei
1303 1349 1456 1418 vero
1475 1351 1845 1446 potentiam
1864 1346 2187 1416 infinitam
2211 1390 2230 1423 ‚
2272 1340 2470 1414 nobis
2489 1340 2761 1440 quidem
2791 1347 2860 1414 in
2875 1369 3067 1415 more

642 1443 928 1547 politum
953 1470 1091 1517 non
1112 1442 1202 1516 est
1221 1448 1573 1546 quicquam
1587 1446 1667 1517 de
1682 1445 1807 1516 hac
1827 1444 2119 1517 definire.
2180 1442 2692 1517 Confideramus
2715 1442 3023 1516 duntaxat
3044 1497 3070 1531 ,

637 1543 800 1644 quid
829 1544 1026 1642 possit
1057 1547 1093 1617 ὲ
1126 1544 1320 1615 nobis
1350 1551 1595 1646 percipi
1616 1544 1867 1618 velnon
1885 1542 2122 1643 poffit‚
2156 1552 2224 1616 &
2244 1567 2543 1614 cavemus
2563 1543 2942 1646 diligenter,
2982 1570 3070 1616 ne

632 1645 950 1742 judicium
983 1644 1185 1715 ullum
1223 1648 1518 1716 nostrum
1540 1652 1577 1717 ὲ
1608 1647 2034 1742 perceptione
2074 1643 2411 1716 dissentiat.
2483 1649 2913 1743 Qpropter
2952 1671 3072 1716 au-

640 1743 865 1816 dacter
895 1743 1327 1831 affirmamuS,
1356 1749 1579 1816 Deum
1610 1741 1790 1842 posse
1814 1742 1883 1813 id
1904 1768 2103 1813 omne
2129 1797 2150 1828 ,
2181 1742 2367 1842 quod
2389 1744 2688 1841 possibile
2712 1743 2833 1817 effi?
2855 1749 3071 1845 perci-

636 1849 853 1945 pimus
885 1877 904 1929 ς
946 1870 1084 1917 non
1128 1866 1345 1916 autem
1390 1844 1427 1915 e·
1463 1843 1798 1915 contrario
1833 1841 2145 1915 audacter
2180 1868 2532 1943 negamus,
2569 1842 2753 1915 illum
2779 1841 2958 1945 poffi:
2991 1844 3071 1925 id
3108 1910 3121 1918 .

638 1945 829 2043 quod
849 1951 1200 2045 conceptui
1218 1944 1443 2041 nostro
1466 1966 1783 2045 repugnat
1802 1995 1824 2029 ,
1852 1940 1962 2014 sed
1985 1941 2257 2018 dicimus
2274 1941 2528 2015 tantum
2544 1997 2566 2031 ,
2586 1943 3069 2018 contradiffio-

639 2068 800 2115 nem
834 2048 1188 2144 implicare.

647 2186 652 2189 ·
745 2168 854 2229 17.
900 2146 1201 2247 Superest
1230 2142 1315 2218 ad
1352 2144 1676 2222 effentiam
1711 2150 2011 2248 corporis
2037 2141 2430 2218 asserendam
2464 2199 2480 2229 ‚
2516 2169 2589 2218 ut
2632 2154 3016 2320 opinionem
3038 2202 3066 2237 ,
3120 2128 3123 2131 ’

637 2268 780 2342 quae
794 2242 987 2318 rebus
1006 2252 1412 2348 incorporeis
1430 2257 1501 2322 &
1522 2246 2065 2328 intellectualibus
2079 2242 2514 2317 extensionem
2535 2255 2680 2319 artri
2734 2256 2860 2334 uit,
2877 2235 3077 2322 refel-

634 2342 870 2419 lamus·
936 2345 1070 2422 Sed
1083 2346 1234 2421 alibi
1255 2347 1378 2419 hac
1394 2348 1478 2420 de
1500 2375 1565 2422 re
1585 2346 1782 2421 fufius
1802 2347 2033 2448 agendi
2057 2345 2319 2419 dabitur
2335 2345 2619 2420 occasio.
2665 2353 2872 2422 Nunc
2893 2375 3067 2449 quae-

3110 2308 3122 2320 9

636 2445 916 2518 stionem
946 2445 1028 2519 de
1057 2450 1135 2522 M
1142 2447 1560 2522 undiunitate
1586 2452 1788 2534 exiis,
1816 2474 1961 2546 quae
1986 2447 2068 2520 de
2091 2444 2352 2520 effentia
2368 2449 2695 2549 Corporis
2713 2447 3067 2552 disputavi-
3114 2513 3123 2518 ,

637 2569 785 2618 mus
807 2601 828 2633 ‚
860 2543 1090 2647 sponte
1110 2575 1327 2624 natam
1343 2596 1362 2630 ‚
1382 2577 1662 2649 cumque
1685 2554 1759 2620 iis
1779 2548 2120 2621 individuo
2139 2575 2302 2621 nexu
2325 2548 2766 2622 cohaerentem
2780 2594 2805 2627 2
2832 2557 2897 2621 in
2911 2575 3061 2653 gra-

587 2671 594 2676 *
636 2649 796 2772 tiam
809 2670 1043 2824 eoam?
1066 2709 1083 2736 ,
1117 2651 1357 2752 quibus
1370 2657 1650 2724 nimium
1670 2649 2000 2750 paradoxa
2018 2648 2275 2724 videtur
2290 2647 2600 2723 sententia
2618 2651 2832 2723 nostra
2849 2704 2873 2739 ,
2896 2651 3067 2725 ube·

637 2772 766 2821 nus
789 2772 885 2822 tra
955 2779 991 2823 a
1045 2779 1233 2827 imus.

1459 2937 2147 3028 D1sr.lX.

824 3071 1145 3153 mundi
1154 3077 1393 3154 unitas
1416 3074 1877 3184 confirmatur
1892 3098 2312 3187 argumento
2331 3071 2851 3188 metaphystco

1000 3207 1006 3212 '
1212 3191 1259 3273 a*
1276 3188 1557 3270 notione
1572 3190 2119 3300 'Uni-verfitatis
2143 3190 2483 3295 desumto.
2900 3191 2903 3198 '

640 3355 698 3403 1.
725 3325 854 3497 P
873 3330 1191 3430 Rincipio
1213 3330 1686 3431 dispiciendum
1712 3331 1840 3415 est,
1872 3326 2031 3424 qnid
2054 3331 2122 3396 in
2144 3328 2497 3425 quaestione
2515 3329 2803 3428 politum
2823 3386 2844 3423 ,
2879 3356 3053 3431 quo-

711 3519 714 3522 ·
875 3434 992 3502 ties
1026 3456 1106 3501 an
1135 3430 1352 3531 plures
1385 3431 1614 3504 mundi
1653 3423 1778 3501 effe
1809 3423 2097 3528 pollint,
2126 3423 2507 3527 disputatur.
2544 3437 2717 3505 -Hoc
2750 3457 2821 3506 ut
2850 3457 3051 3535 appa-

623 3553 806 3624 reat,
840 3527 1240 3629 quithmdi
1269 3537 1541 3604 nomine
1573 3528 2004 3630 intelligatur²
2045 3526 2193 3598 ante
2227 3523 2787 3628 cognoscendum.
2868 3539 3051 3612 Cum

625 3651 850 3703 autem
887 3635 1099 3704 varios
1129 3657 1206 3706 ca
1243 3657 1370 3704 vox
1395 3629 1640 3706 habeat
1659 3626 2052 3730 significatus
2070 3680 2092 3713 ,
2131 3623 2356 3700 sufficit
2377 3627 2462 3712 ad
2478 3633 2890 3734 propositum
2921 3660 3053 3705 no-

622 3726 823 3807 strum
846 3751 974 3803 tres
990 3726 1330 3828 sequentes
1346 3728 1702 3805 annotaffe.
1744 3725 2078 3827 Significat
2100 3735 2296 3827 igitur
2326 3754 2614 3803 1.rerum
2642 3758 3051 3822 creatarum,

582 3905 588 3910 ,
625 3848 762 3902 tam
803 3835 1245 3926 corporalium
1270 3886 1291 3917 ,
1325 3834 1520 3929 quam
1551 3825 2086 3903 intellectualium
2109 3825 2613 3904 univerfitatem.
2658 3823 3051 3907 2.univerfi-

625 3949 827 4005 tatem
854 3954 1082 4006 ‚rerum
1116 3955 1224 4005 tan
1240 3934 1380 4006 turn
1405 3952 1900 4035 corporearum.
1932 3921 2471 4021 3.solamterram
2494 3939 2567 4004 &
2587 3952 2734 4030 quae
2760 3937 2818 4002 ei
2834 3927 3057 4007 cohae-

618 4051 789 4105 rent.
2707 4057 2774 4108 ι..
2829 4032 3051 4111 Prima

2993 3020 3024 3043 Ι
