3391 4418
592 111 749 198 34²
1000 137 1011 142 -
1353 76 1443 165 T
1517 98 1585 162 Η
1662 101 1716 161 ε
1795 103 1855 163 o
1929 104 1988 161 x
2064 108 2099 166 1
2175 100 2235 161 A

592 202 836 276 halitus
858 188 1181 271 odoriferi
1215 187 1479 268 colleffl
1500 189 1587 261 ad
1605 188 1948 264 cerebrum
1965 186 2362 286 deferantur.
2417 183 2648 264 Simile
2670 186 3027 268 annotavi-⁸

597 328 745 378 mus
765 298 850 372 dc
870 295 1122 385 auditu,
1181 349 1198 367 .
1223 300 1394 384 877.
1423 314 1620 391 atque
1641 316 1715 365 ut
1730 290 1826 364 ibi
1841 288 2238 365 infundibuli
2253 341 2276 377 ‚
2298 294 2388 362 ita
2407 287 2517 362 hic
2538 296 2780 366 camini
2803 301 3031 368 exem-'

572 405 718 507 ‘plo
735 399 823 472 ad
846 425 985 472 rem
1010 396 1094 470 de
1161 392 1470 472 arandam
1489 390 1775 466 utilicet.
1823 390 2295 467 Confideretur
2315 415 2585 489 quoque
2608 395 2775 466 illud
2793 398 3031 468 instiu-

599 523 906 577 mentum
940 523 1078 596 quo
1106 495 1527 570 lucubrantes
1541 497 1610 564 in
1631 491 1894 569 Musaeis
1911 501 2156 567 utimur
2172 491 2258 563 ad
2281 486 2543 563 fumum
2562 493 2853 568 candelae
2870 497 3026 570 inde

602 598 1072 688 deducendum
1088 643 1112 682 ‚
1150 604 1257 670 cui
1296 600 1492 669 etiam
1527 589 1929 669 infundibuli
1965 620 2216 684 nomen
2249 591 2450 692 vulgo
2487 592 2703 668 datur.
2756 593 3029 672 Confer

601 703 730 781 Ph.
748 709 905 799 34'2.

474 809 483 818 ‘
608 879 621 892 .
706 810 869 896 894.
920 795 1123 873 unde
1151 802 1225 867 &
1244 791 1485 892 quibus
1505 818 1687 867 nares
1703 791 1846 867 sunt
1862 794 2184 893 porreQae
2200 846 2222 880 ,
2254 794 2468 866 actius
2492 800 2733 867 caeteris
2752 794 3030 871 odorari

602 900 819 984 solent
835 951 860 988 ,
938 902 1048 980 uia
1076 893 1373 998 pluribus
1386 893 1694 968 halitibus
1717 901 1784 967 in
1803 919 1989 967 nates
2007 916 2188 995 patet
2205 892 2550 995 ingreffus3
2581 900 2676 969 uti
2701 903 2770 967 δι
2787 900 2854 967 in
2868 895 3030 972 lon·

604 1006 824 1104 giorcs
861 1005 873 1014 '
933 1005 996 1069 ni
1018 1021 1202 1069 aures
1220 991 1362 1068 soni
1379 1004 1593 1092 major
1609 1001 1799 1096 copia
1821 999 2039 1067 intrat.

622 1131 627 1136 ·
709 1109 839 1195 895
853 1154 871 1178 .
918 1103 1056 1173 Res
1085 1091 1424 1170 odorifera
1438 1095 1477 1168 εὶ
1496 1095 1762 1168 naribus
1782 1092 2189 1194 aliquantum
2205 1090 2437 1164 distare
2459 1092 2663 1168 debet
2688 1149 2711 1183 ,
2734 1116 2805 1170 ut
2822 1105 3035 1198 parti-

601 1201 769 1286 culae
785 1225 903 1300 per
921 1205 1141 1272 a‘c'rcm
1163 1190 1443 1268 diffundi
1462 1203 1532 1269 δε
1550 1198 1588 1269 εὶ
1613 1192 1672 1266 se
1694 1197 1929 1267 mutuo
1946 1191 2219 1294 separari
2237 1193 2573 1294 poflint‚§.
2593 1221 2678 1288 42
2690 1209 2757 1269 6.
2786 1199 3034 1271 Simili-

599 1325 705 1380 ter
720 1306 898 1378 enim
964 1297 1209 1371 ladium
1225 1297 1263 1369 ὲ
1283 1301 1537 1398 vagina,
1553 1289 1807 1398 sagittas
1822 1297 1859 1370 ὲ
1875 1292 2180 1397 pharetra
2197 1296 2364 1365 exite
2385 1297 2632 1370 necesse
2648 1299 2761 1387 est,
2777 1322 2847 1371 ut
2858 1321 3025 1398 ope-

530 1467 533 1468 r
600 1408 889 1479 tationes
931 1424 1044 1482 uas
1059 1422 1395 1500 peragant.
2171 1473 2183 1485 ,
2683 1409 2684 1412 ’

699 1507 869 1592 896.
911 1506 1096 1575 Sicut
1127 1522 1349 1571 autem
1382 1495 1637 1600 gladius
1662 1520 1994 1596 uteunque
2013 1500 2384 1597 evaginatus
2402 1493 2570 1569 nihil
2593 1496 2788 1570 efficit
2810 1494 2921 1569 niti
2938 1495 3025 1573 fic

598 1607 719 1702 qui
754 1606 1028 1703 excipiat
1055 1603 1303 1673 ictum:
1333 1604 1422 1672 ita
1452 1597 1540 1670 ad
1572 1599 1820 1674 odores
1837 1593 2297 1699 percipiendos
2313 1620 2544 1697 praeter
2564 1623 2748 1671 nares
2768 1623 3027 1701 apertas

597 1707 947 1802 requiritur
976 1697 1347 1801 inspiratio:
1384 1696 1560 1771 unde
1591 1726 1744 1793 non*
1767 1696 1980 1770 modo
2000 1721 2192 1768 manu
2214 1722 2397 1769 nares
2419 1696 2840 1772 occludendo
2860 1753 2882 1787 ,
2910 1697 3024 1775 sed

598 1809 798 1877 etiam
813 1800 1102 1904 spiritum
1122 1798 1427 1875 duntaxat
1450 1795 1837 1870 cohibendo
1855 1794 2151 1898 spurcum
2175 1795 2460 1872 odorem
2480 1795 2763 1898 effugere
2780 1799 2948 1874 licet.
2987 1805 2992 1814 “

614 1979 621 1982 .
695 1906 737 1982 8
740 1929 866 1998 97.
916 1897 1183 1999 Qibus
1203 1903 1654 1998 experimentis
1677 1897 2114 1970 confirmatur
2130 1949 2152 1983 ,
2190 1896 2417 1974 odoris
2435 1895 2678 1969 sensum
2744 1898 3028 1974 toficisci

595 1999 994 2174 {particulis
1012 2006 1081 2069 in
1098 2009 1245 2071 aere
1266 1993 1642 2071 volantibus
1658 2051 1682 2088 ‚
1699 2023 1843 2098 quae
1862 2023 2013 2070 cum
2030 1993 2169 2098 ipso
2184 2007 2331 2072 aere
2347 2052 2371 2091 ,
2391 2023 2591 2098 quem
2611 1927 3034 2099 inigiramus,

600 2127 640 2176 a
708 2124 895 2173 nates
909 2094 1344 2171 advehuntur.
1791 2183 1796 2190 ,
2775 2187 2780 2190 .

610 2244 623 2282 ;
701 2201 868 2290 898.
919 2193 1120 2274 Unde
1135 2201 1338 2272 etiam
1355 2189 1562 2271 foetor
1580 2194 1909 2272 cadaveris
1929 2193 2139 2271 versus
2159 2225 2307 2272 eam
2328 2201 2483 2274 a‘e‘ris
2497 2222 2747 2304 partem
2770 2188 3031 2276 diffun-

544 2378 549 2389 ,
598 2299 779 2376 ditur
800 2353 823 2388 ,
857 2298 994 2397 quo
1014 2322 1213 2372 vento
1233 2293 1542 2373 defertur.
1576 2297 1815 2387 *Simile
1837 2297 1920 2369 de
1946 2295 2111 2371 sono
2133 2299 2285 2374 vide
2305 2300 2426 2378 Ph.
2438 2328 2483 2391 9
2495 2328 2527 2397 5
2549 2328 2608 2376 1.

702 2408 873 2491 899.
917 2396 1088 2474 Inde
1116 2408 1188 2473 δε
1213 2417 1397 2499 patet
1418 2448 1440 2484 ,
1474 2397 1665 2498 quod
1699 2396 2015 2472 suffitibus
2053 2398 2396 2489 cerebrum
2416 2403 2688 2477 refici&
2711 2400 3022 2479 roborari

597 2525 676 2583 ac
695 2498 951 2604 spiritus
980 2506 1118 2599 ejus
1141 2496 1351 2575 foveri
1368 2499 1637 2601 poffint.
2230 2503 2234 2507 ’
2693 2558 2711 2591 ¹.

695 2628 863 2697 900.
915 2606 1262 2696 Quoniam
1305 2601 1462 2674 vero
1493 2595 1825 2701 particulae
1855 2595 2175 2674 halituum
2211 2599 2468 2676 divetsssae
2498 2600 2640 2677 sunt
2652 2609 2970 2707 parvitate
2991 2608 3023 2692 ·,‘

593 2705 818 2807 figuris
832 2755 854 2791 ,
875 2700 1172 2776 motibus
1190 2756 1212 2790 ‚
1236 2708 1373 2776 &c.
1390 2700 1543 2773 hinc
1557 2697 1852 2773 odorum
1873 2697 2239 2776 discrimina
2257 2701 2574 2806 pendent.
2589 2710 3023 2778 Convenien-

596 2810 689 2877 tia
720 2808 788 2873 in
820 2808 905 2875 eo
934 2803 1025 2872 est
1044 2856 1067 2890 ,
1098 2799 1288 2901 quod
1312 2798 1641 2901 particulae
1662 2795 1981 2874 olfactum
2001 2800 2359 2876 afficientes
2384 2829 2618 2877 omnes
2640 2803 3016 2880 subtiliores

595 2897 834 2979 suntiis
859 2949 882 2984 ,
956 2902 1361 3001 uatgustum:
1398 2900 1572 2973 unde
1596 2896 1917 2999 sequitur,
1941 2902 2248 2978 nervulos
2322 2930 2545 3003 noque
2563 2913 2698 3006 ejus
2718 2902 3022 2977 subtilio⁴
3137 2978 3142 2981 Α

589 3025 694 3077 res
726 3006 799 3073 δε
822 3024 938 3072 mo
990 2998 1208 3073 iliores
1228 2995 1351 3071 effe
1369 3051 1394 3086 ,
1434 2998 1608 3072 adeo
1628 3022 1701 3100 ut
1722 3004 1996 3073 nimiam
2014 3001 2167 3076 huic
2185 2930 2382 3077 stnl'ui
2401 3002 2893 3081 hebetationem
2911 3028 3022 3078 at-

590 3099 874 3173 tribuere
894 3124 1033 3170 non
1060 3120 1389 3199 oporteat.
1442 3106 1615 3202 Qae
1632 3097 1940 3172 limitatio
1957 3099 2232 3176 addatur
2232 3104 2309 3273 (ᾗ
2327 3107 2365 3180 8
2375 3129 2414 3195 9
2433 3135 2495 3204 3.
2959 3118 2963 3131 '
3011 3101 3022 3109 ’

691 3222 857 3286 901.
905 3198 1247 3271 Postremo
1265 3248 1291 3284 ,
1310 3224 1450 3271 non
1470 3223 1543 3271 ut
1568 3196 1745 3270 oculi
1766 3206 1837 3271 &
1856 3225 2038 3275 aures
2054 3199 2211 3276 visui
2256 3203 2440 3277 olum
2459 3218 2531 3283 δε
2549 3207 2800 3283 audit'ui
2823 3202 3022 3278 desti-2

586 3318 744 3374 nata
761 3296 903 3368 sunt
923 3323 1163 3398 organa
1178 3347 1201 3377 ,
1232 3302 1324 3369 ita
1346 3307 1418 3372 δι
1436 3323 1602 3372 nares
1622 3293 1982 3375 olfaciendi
2007 3304 2265 3377 tantum
2286 3301 2520 3381 officio
2533 3308 2918 3413 funguntur.

632 3470 640 3478 ,
691 3423 861 3489 902.
918 3403 1112 3499 Opus
1143 3401 1319 3469 enim
1347 3396 1605 3501 insuper
1621 3402 1704 3471 iis
1727 3400 2079 3503 estpattim
2095 3401 2180 3474 ad
2201 3400 2731 3504 respirationem,
2769 3411 3012 3514 partim

2258 3507 2272 3523 Ο

583 3520 657 3572 ut
666 3525 791 3605 per
808 3524 916 3574 eas
930 3496 1199 3600 superne
1218 3497 1515 3572 defluant
1537 3495 1760 3571 sordes
1777 3544 1803 3579 ,
1831 3528 1990 3601 quas
2012 3527 2439 3606 emungimus.
2502 3562 2505 3565 Α

1262 3781 1268 3785 Α
1360 3670 1894 3765 XXXVII.
1955 3678 2235 3787 Gustus.

670 3841 849 3918 903.
878 3824 1134 3923 ⁵Pariter
1152 3790 1388 3927 linguat
1412 3851 1557 3901 non
1573 3822 1790 3897 modo
1854 3824 2108 3901 ustandi
2125 3881 2150 3914 ‚
2171 3827 2402 3913 verum
2426 3797 2627 3914 etiam
2643 3762 3026 3926 loquendi,'

579 3922 861 4073 famudi
876 3974 901 4016 .
926 3921 1271 4001 lambendi
1287 3972 1312 4008 ,
1336 3926 1590 4031 aliaque
1607 3924 1764 4002 data
1782 3853 1923 4003 (gut
1941 3924 2189 4043 officia.
2251 4013 2262 4028 Α
2473 3934 2486 3939 ”
2655 3976 2674 4041 3
2713 3932 2868 4112 904'
2903 3930 3023 4092 Είὲ
