3391 4418
795 157 1567 272 Con-roxum
1655 159 2497 250 Vrvnst'TluM.
2703 196 2852 276 343

423 265 2142 473 ιπὲἓιῆρὲῗῷἓξῗζῖᾒέἔζῖἕῧᾍῖἓᾝζΐέ
2152 270 2854 467 ἷῗῖιΡξ.ἳ“.’ἷιῖῗιξ.ῗὲἒζζ

424 479 522 547 uti
536 471 801 576 spongia
813 470 899 543 ad
912 473 1240 568 liquorem
1259 468 1710 565 recipiendum
1730 514 1752 548 ‚
1786 471 2125 570 aptiffima.

524 598 690 672 905.
743 570 937 645 Adeo
967 593 1041 642 ut
1058 567 1246 669 quod
1266 575 1334 640 in
1359 566 1585 640 auditu
1608 593 1804 669 atque
1829 567 2080 646 olfactu
2102 571 2354 674 praestat
2373 601 2502 648 una
2524 579 2626 650 vel
2648 577 2844 653 altera

422 681 659 749 cavitas
686 681 899 770 major
912 723 938 763 ‚
968 669 1042 744 id
1068 679 1141 742 in
1162 672 1386 772 lingua
1412 662 1699 743 efficiant
1713 677 1865 768 pori
1885 679 1953 744 ὅ(
1972 696 2222 745 meatus
2237 673 2326 743 illi
2342 680 2633 754 minores
2650 685 2848 753 innu-

414 798 603 848 men.
2826 830 2831 836 -

424 923 427 928 »
506 883 680 964 906.
733 877 1016 973 Sapores
1034 890 1255 943 autem
1276 872 1344 942 in
1359 867 1637 942 humido
1657 875 1858 970 magis
1882 871 2224 945 confistere
2251 873 2405 947 alibi
2430 876 2742 966 diximus,
2775 881 2836 981 §.

408 975 570 1072 418.
590 974 715 1048 Ph.
733 998 949 1069 1077.
967 967 1059 1068 sq.
1109 967 1310 1042 Unde
1332 976 1529 1042 etiam
1550 971 1664 1056 fit,
1698 995 1771 1043 ut
1788 968 1836 1040 fi
1857 996 2095 1071 corpus
2117 971 2410 1075 sapidum
2431 1028 2453 1061 ‚
2487 980 2667 1075 quod
2690 985 2842 1056 aestu
2924 1021 2927 1025 “

407 1071 760 1148 humidum
789 1096 931 1142 non
953 1071 1044 1140 est
1064 1121 1086 1155 ,
1125 1065 1359 1167 linguae
1376 1069 1845 1154 admoveatur,
1884 1069 2071 1171 sapor
2092 1080 2227 1170 ej’us
2240 1078 2490 1173 percipi
2511 1102 2794 1175 nequeat
2813 1132 2838 1166 ,

407 1171 530 1246 nifi
555 1172 746 1246 saliva
764 1168 1205 1240 humectetur.
2653 1217 2660 1225 -

512 1297 686 1361 907.
737 1276 836 1341 Ita
857 1264 1051 1340 salem
1071 1291 1208 1338 non
1227 1263 1550 1364 gustamus
1570 1263 1682 1348 nifi
1699 1268 1874 1366 prius
1895 1267 2170 1342 admota
2185 1267 2368 1344 saliva
2389 1266 2713 1369 liquescat.
2755 1269 2842 1350 Et

403 1378 598 1474 piper
616 1366 703 1440 ab
725 1365 961 1439 eadem
981 1363 1169 1437 saliva
1186 1361 1548 1434 humectari
1572 1364 1816 1435 necesse
1838 1367 1951 1437 est.

410 1509 419 1514 κ
510 1469 681 1557 908.
734 1472 954 1563 Atque
975 1471 1064 1538 ita
1082 1468 1295 1536 ictero
1315 1460 1690 1533 laborantes
1708 1488 1847 1533 non
1865 1461 2388 1565 falluntur‚quod
2409 1495 2700 1545 amarum
2716 1500 2838 1583 gu-

409 1571 572 1638 stare
604 1563 663 1637 se
681 1564 1005 1665 judicant,
1037 1566 1361 1664 quoniam
1381 1562 1539 1635 flava
1562 1559 1695 1631 bile
1712 1559 1944 1661 linguae
1962 1557 2152 1634 saliva
2171 1568 2262 1636 est
2282 1564 2545 1642 infecta.
2590 1579 2686 1644 At
2710 1575 2833 1644 tal·-
2975 1659 2980 1663 ᾗ

406 1663 667 1749 luntut,
702 1664 894 1764 quod
928 1665 1230 1765 saporem
1260 1661 1445 1734 illum
1487 1660 1642 1733 cibo
1685 1659 1981 1733 tribuunt
2001 1707 2026 1740 2
2070 1663 2434 1763 cujusmodi
2452 1695 2743 1744 errorem
2756 1675 2833 1745 ii-

406 1764 568 1840 dem
585 1767 830 1838 icterici
851 1771 1018 1839 circa
1036 1764 1339 1850 colorem
1358 1785 1571 1834 errant
1596 1805 1621 1842 2
1655 1762 1720 1839 5.
1742 1761 1873 1835 861
1887 1815 1905 1835 .
1925 1758 2019 1859 sq.
2431 1840 2439 1847 ,

505 1888 680 1957 909.
714 1866 949 1940 Gustus
966 1890 1126 1967 ergo
1145 1861 1182 1934 ὲ
1201 1867 1415 1935 Τειᾶιι
1432 1859 1650 1934 differt
1665 1866 1917 1933 ratione
1942 1867 2196 1964 organi,
2221 1874 2293 1939 δε
2308 1865 2829 1969 peculia-inquit

400 1972 471 2042 in
514 1992 600 2038 eo
633 1966 765 2053 est,
807 1963 1262 2068 dispositionis.
1314 1962 1516 2038 Unde
1552 1969 1625 2036 δε
1663 1960 1841 2034 arida
1872 1961 2091 2064 lingua
2115 1991 2216 2038 res
2235 1963 2434 2041 siccas
2457 1978 2664 2072 tangit
2680 1973 2831 2069 qui-

399 2065 558 2140 dem
582 2118 604 2152 ,
639 2089 706 2139 at
740 2092 878 2140 non
909 2066 1143 2168 gustat.
1193 2061 1383 2137 Idem
1404 2065 1766 2164 contingit,
1798 2059 2094 2165 filinguae
2112 2072 2310 2140 etiam
2327 2066 2615 2146 humidae
2632 2075 2823 2174 prorss

397 2165 500 2243 sus
516 2163 792 2267 infipida
813 2166 1199 2240 admoveas,

404 2312 409 2317 -
497 2292 666 2356 910.
710 2269 961 2337 Taaus
995 2290 1115 2362 per
1145 2286 1360 2336 totum
1397 2291 1639 2365 corpus
1676 2260 1942 2335 diffusus
1979 2260 2347 2367 abintegris
2365 2266 2500 2343 fere
2523 2280 2591 2345 &
2611 2274 2821 2346 crassis

396 2359 811 2461 corporibus,
833 2363 1070 2436 Gustus
1090 2361 1128 2433 ὲ
1148 2361 1448 2435 tenuibus
1471 2371 1541 2435 δι
1560 2366 1980 2451 comminutis
1995 2368 2322 2462 particulis
2340 2365 2621 2442 afficitur
2638 2379 2818 2463 (nam

396 2484 635 2531 eorum
653 2501 680 2535 ,
765 2484 859 2530 uae
888 2465 1136 2558 integra
1170 2457 1651 2559 deglutiuntur,
1679 2482 1753 2530 ut
1786 2457 2133 2559 pilularum
2158 2516 2179 2546 ,
2213 2462 2401 2561 sapor
2420 2470 2522 2537 vix
2543 2474 2821 2565 percipi·

397 2564 550 2647 tut)
586 2485 936 2655 paupertim
952 2555 1037 2626 ab
1060 2556 1285 2654 aliquo
1306 2557 1517 2627 modo
1538 2556 1758 2629 solidis
1778 2567 1847 2628 &
1870 2557 2089 2653 rigidis
2109 2609 2131 2640 ,
2168 2557 2538 2647 cujusmodi
2559 2571 2627 2631 in
2648 2560 2815 2635 salsis

396 2666 476 2733 &
501 2653 713 2728 acidis
747 2682 814 2728 re
864 2661 1191 2734 criuntur,
1281 2679 1375 2725 uae
1397 2679 1545 2727 eam
1559 2652 1653 2728 ob
1672 2650 1925 2724 causam
1943 2652 2305 2724 multorum
2324 2653 2630 2729 ciborum
2652 2684 2820 2735 eon.

392 2755 684 2831 dimenta
700 2763 766 2832 &
847 2778 1093 2858 porum
1110 2680 1538 2825 fundamenta
1562 2750 1731 2855 sunt.
2531 2824 2538 2829 ,

442 2904 445 2907 -
479 2883 668 2950 911.
720 2857 1064 2931 Matutino
1103 2876 1407 2956 tempore
1444 2852 1679 2927 melius
1711 2845 1970 2954 sapores
1999 2850 2420 2929 discernimus
2443 2910 2465 2944 ,
2502 2864 2652 2959 quia
2668 2883 2811 2936 tum

392 2957 615 3060 lingua
642 2957 949 3034 nondum
989 2955 1157 3029 alios
1191 2952 1462 3026 imbibit
1492 2952 1768 3057 lapores.
1823 2958 2178 3055 Recipiens
2204 2960 2381 3027 enim
2398 2956 2809 3037 denudatum

390 3057 515 3132 effe
546 3055 748 3131 debet
766 3059 804 3132 a
820 3081 1050 3131 natura
1069 3061 1353 3157 recepti,
1384 3060 1568 3155 quod
1590 3052 1857 3127 effatum
1878 3061 2075 3126 etiam
2093 3053 2178 3126 ad
2206 3059 2627 3132 ictericorum
2650 3086 2812 3133 ocu-
2849 3066 2872 3105 k

392 3156 497 3229 los
526 3166 592 3229 δι
628 3158 920 3257 linguam
938 3183 1020 3258 ap
1070 3157 1261 3228 licare
1276 3154 1453 3228 licet.
1510 3151 1767 3230 Confer
1783 3181 1927 3255 quae
1945 3152 2029 3226 de
2052 3153 2280 3229 auditu
2300 3163 2630 3232 nocturno
2655 3148 2813 3235 acu-³·

394 3261 566 3337 tiore
588 3256 715 3330 dixi
733 3262 795 3357 §.
820 3268 982 3353 889.
1027 3283 1144 3355 qq.
1724 3310 1735 3320 -
2091 3354 2094 3357 Ι

486 3379 533 3448 9
550 3380 653 3430 12.
702 3355 921 3432 Usum
940 3360 1152 3458 gustus
1170 3354 1345 3427 hunc
1366 3353 1661 3443 obtinet,
1677 3351 1861 3453 quod
1880 3353 1994 3455 ubi
2010 3350 2266 3455 sapores
2287 3382 2509 3458 gratos
2526 3361 2810 3460 percipi-

383 3477 569 3542 mus,
605 3456 1047 3556 utplurimum
1064 3455 1497 3554 intelligamus
1516 3507 1539 3541 ,
1563 3452 1927 3527 commoda
1945 3452 2142 3527 nobis
2158 3454 2303 3528 fore
2322 3483 2398 3529 ea
2416 3485 2531 3531 cor
2630 3485 2705 3556 ra
2718 3512 2740 3546 ‚
2767 3457 2810 3532 ai

383 3550 628 3654 quibus
637 3555 1006 3656 procedunt
1026 3608 1051 3641 ,
1078 3554 1131 3626 fi
1149 3559 1381 3656 ingrati
1404 3607 1426 3639 ‚
1463 3579 1540 3625 ea
1558 3578 1868 3653 tanquam
1888 3554 2084 3626 noxia
2105 3551 2415 3655 fugienda
2442 3486 2625 3631 eilge
2665 3630 2666 3633 ,
2757 3574 2770 3647 j

485 3681 525 3745 9
545 3683 571 3729 1
588 3678 624 3752 3
640 3710 657 3728 .
705 3662 801 3729 Ita
821 3652 1122 3755 saporum
1136 3654 1337 3753 gratia
1351 3679 1426 3723 ac
1443 3652 1768 3727 diversitas
1786 3651 1941 3727 facit
1959 3659 2264 3749 (varietas
2280 3660 2458 3749 enim
2477 3664 2543 3729 ὅ(
2565 3654 2716 3745 hic,
2729 3666 2806 3747 ’ἃς

384 3752 539 3827 alibi
578 3753 909 3930 delestglt)
952 3777 1027 3827 ut
1062 3759 1268 3853 magis
1285 3750 1647 3827 alliciamur
1660 3754 1741 3826 ad
1766 3780 1842 3825 ea
1862 3751 2235 3828 affiimenda
2254 3806 2277 3842 ,
2312 3752 2547 3856 quibus
2564 3784 2806 3865 corpus

380 3856 772 3930 nostrumin
834 3862 977 3928 'et.
1747 3900 1752 3905 ,
2127 3886 2132 3891 ’
2439 3914 2466 3935 -.
2568 3851 2577 3862 ’
2655 3932 2662 3937 .
2761 3900 2792 3938 J'

474 3980 645 4062 9143
691 3882 956 4071 Nettigpe
992 3955 1283 4034 Creator.
1294 3960 1598 4060 optimus
1624 3952 1998 4132 volupctates
2018 3952 2286 4033 addidit
2316 3958 2622 4064 etiamiis
2643 3951 2812 4122 {Q

766 4090 776 4106 ·
1759 4066 1766 4071 ’
1860 4079 1904 4135 x
2699 4071 2811 4138 ²²82
