3391 4418
561 98 2786 395 D1smT-Ass1·onsss'⁸⁹

346 521 475 691 Ρ
698 521 878 686 H
1110 516 1290 745 Y
1506 514 1617 678 s
1846 517 1920 680 1
2127 516 2283 681 c
2488 511 2767 684 AE.

922 849 2006 932 Drspu'rATro
2120 841 2179 929 1.

394 997 767 1109 Quifiaet,
805 997 991 1107 quod
1026 992 1504 1104 Philosbphia,
1545 991 2038 1105 &praefirtim
2058 991 2379 1105 Physica,
2409 992 2574 1070 licet
2588 1002 2714 1069 Iu-

494 1111 997 1224 risprudentiae
1011 1140 1089 1189 ac
1110 1110 1489 1185 Medicina
1509 1111 1734 1185 radix
1751 1108 2403 1213 aecfimdaememum
2417 1101 2612 1184 reae

594 1224 969 1328 judicetur
992 1277 1018 1320 ,
1039 1224 1460 1334 plerumque
1480 1241 1721 1296 tamen
1743 1227 2015 1298 minore
2013 1219 2120 1320 stt
2148 1224 2227 1298 in
2236 1221 2495 1329 pretio.

363 1427 429 1474 1.
460 1407 1056 1457 Umm
1085 1399 1237 1467 Adix
1253 1393 1587 1466 arborisin
1607 1418 1770 1467 terta
1787 1396 2173 1497 plerumque
2191 1396 2351 1467 latet
2370 1389 2777 1465 abscondita,

1092 1493 1384 1567 infimum
1403 1494 1653 1580 locum,
1674 1501 1784 1593 qui
1797 1494 2079 1596 pedibus
2093 1496 2318 1569 nostris
2336 1490 2776 1568 substernitur,

1092 1618 1310 1666 tenens
1325 1592 1605 1665 calcatur
1619 1647 1640 1678 ,
1662 1620 1877 1692 neque
1895 1599 1961 1666 in
1981 1595 2329 1667 hominum
2352 1594 2775 1694 conspectum

1092 1692 1306 1795 affin-gi
1314 1717 1357 1764 t.
1408 1697 1680 1766 Interim
1703 1703 1902 1768 totius
1918 1694 2171 1768 arboris
2187 1703 2309 1770 vita
2324 1703 2387 1769 δι
2405 1701 2778 1765 incremen-

1092 1820 1221 1867 tum
1255 1791 1335 1864 ab
1370 1820 1445 1865 ea
1484 1815 1799 1893 tanquam
1834 1797 1872 1869 a
1890 1803 2102 1897 prima
2123 1803 2372 1898 origine
2395 1791 2731 1895 dependet
2750 1841 2775 1876 ,

1092 1893 1399 1992 quodque
1432 1901 1593 1965 rami
1611 1947 1633 1980 ,
1672 1892 1833 1967 folia
1853 1949 1876 1981 ,
1929 1893 2176 1970 fructus
2205 1898 2347 1968 laete
2379 1898 2775 1995 proveniunt

1092 2020 1401 2066 iumanos
1423 1998 1488 2064 in
1507 1993 1671 2076 usus,
1695 2003 1768 2069 &
1782 1993 1983 2070 visum
1996 2023 2138 2069 non
2151 2023 2380 2099 parum
2405 1994 2772 2076 oblectant,

342 2093 416 2167 -id
434 2116 648 2167 totum
673 2091 776 2166 sua
792 2118 935 2166 tum
952 2093 1261 2169 firmitate
1277 2120 1419 2167 tum
1435 2089 1862 2169 foecunditate
1884 2099 2131 2197 praestat
2145 2093 2298 2199 ipsa.

451 2223 516 2267 ι..
565 2199 707 2267 Pari
740 2201 991 2268 ratione
998 2192 1381 2289 fundamenta
1404 2193 1834 2267 aedificiorum
1855 2251 1878 2283 ‚
1906 2204 2041 2270 ima
2057 2204 2123 2270 in
2145 2201 2329 2270 tetris
2349 2195 2493 2269 sede
2508 2195 2728 2267 locata
2747 2247 2770 2279 ‚

339 2295 564 2368 minus
597 2293 794 2393 vulgo
829 2299 1168 2367 incurrunt
1195 2302 1265 2366 in
1299 2290 1542 2380 sensus,
1569 2296 1786 2368 minus
1813 2296 2200 2396 spectantur.
2252 2302 2341 2369 At
2374 2323 2520 2396 quae
2555 2292 2773 2392 super-

346 2397 588 2465 strucka
609 2390 749 2463 sunt
769 2416 961 2489 atque
995 2393 1381 2465 inaedificata
1405 2438 1430 2471 ,
1466 2403 1537 2466 δε
1559 2395 1908 2468 oculorum
1942 2405 2013 2467 &
2041 2395 2491 2468 admirationis
2511 2392 2777 2490 objecta

346 2490 488 2566 fere
518 2488 658 2561 sunt
692 2490 1042 2588 potiffima.
1089 2497 1170 2562 Et
1192 2498 1490 2589 quamvis
1510 2489 1749 2588 absque
1779 2491 2194 2567 fundamenti
2213 2492 2532 2563 soliditate
2558 2494 2779 2560 erecta

346 2594 512 2665 stare
533 2598 602 2661 &
625 2586 952 2659 cohaerete
972 2589 1244 2660 firmiter
1259 2616 1397 2660 non
1414 2588 1686 2688 posfint,
1715 2589 1854 2692 ipso
1878 2615 2098 2661 tamen
2116 2588 2324 2659 solent
2346 2589 2775 2687 utplurimum

347 2696 558 2790 magis
578 2687 613 2758 a
632 2684 1101 2787 spectatoribus
1121 2685 1460 2761 celebrati.

454 2818 526 2883 3.
573 2785 1188 2887 Qemadmodum
1217 2785 1278 2858 se
1301 2786 1479 2860 radix
1496 2784 1698 2859 habet
1722 2785 1807 2859 ad
1827 2810 2142 2858 cacumen
2163 2784 2417 2859 arboris
2438 2795 2507 2860 &
2527 2782 2773 2864 ftustus

348 2899 486 2989 ejus
504 2944 526 2976 ,
558 2886 1128 2989 quemadmodum
1164 2893 1323 2960 item
1340 2882 1844 2960 fundamentum
1862 2884 1947 2957 ad
1965 2886 2228 2960 altiores
2247 2886 2772 2989 contignationes

349 2991 586 3065 aedium
618 2998 685 3061 &
709 2986 916 3088 ipsum
937 2992 1223 3061 tectumt
1256 2992 1345 3061 ita
1364 2985 1853 3088 Philosophiam
1888 2985 1946 3057 se
1967 2986 2053 3057 ad
2077 2986 2432 3081 juridicam
2456 2998 2522 3062 ὅτ.
2547 2986 2772 3060 Medi-

348 3117 501 3164 cam
537 3086 775 3161 habere
807 3086 1182 3161 facultatem
1211 3089 1563 3161 existimare
1580 3095 1916 3161 convenit.
1973 3090 2210 3184 Neque
2235 3087 2368 3161 hoc
2388 3113 2611 3188 putem
2632 3089 2771 3163 ullo

345 3191 565 3265 modo
596 3188 995 3290 paradoxum
1024 3214 1330 3288 appatere
1352 3188 1532 3289 posse
1565 3194 1639 3261 iis
1660 3242 1682 3273 ,
1713 3195 1825 3288 qui
1851 3186 1953 3259 vel
1980 3187 2288 3259 tritiflima
2311 3189 2770 3292 intelliguntac

342 3288 640 3394 probant
672 3285 862 3362 effata
887 3343 906 3375 ,
941 3287 1175 3386 quibus
1199 3289 1534 3363 Medicina
1554 3297 1622 3362 ὃ(
1650 3284 2170 3385 jurisprudentia
2202 3286 2337 3374 ibi,
2375 3290 2489 3363 ubi
2510 3288 2773 3384 Physica

343 3402 424 3466 &
444 3390 731 3465 Politica
753 3387 1077 3473 defluunt,
1117 3387 1410 3461 inchoari
1429 3392 1967 3488 pronunciantur.

454 3518 524 3587 4.
588 3491 923 3598 Qamvis
962 3492 1137 3558 enim
1155 3488 1277 3559 illae
1297 3486 1637 3587 disciplinae
1659 3484 1788 3556 fine
1810 3481 2232 3586 Philosophia
2253 3496 2507 3564 traci-an
2525 3489 2772 3564 soleant

339 3591 381 3665 a
407 3590 661 3668 multis,
688 3587 1545 3690 quatenusJutisprudentia
1559 3588 1731 3686 leges
1745 3584 1780 3656 :i
1797 3590 2108 3685 principis
2126 3586 2461 3662 voluntate
2478 3585 2779 3691 penden-

340 3717 489 3778 tes,
520 3686 856 3762 Medicina
882 3684 1364 3760 observationes
1385 3696 1456 3761 δε
1488 3692 1946 3785 experientiam
1967 3680 2283 3780 sequitur3
2328 3718 2529 3763 nemo
2554 3717 2774 3762 tamen

340 3791 730 3894 praeclarum
749 3796 820 3862 &
842 3784 1121 3859 solidum
1134 3786 1297 3884 quid
1314 3793 1467 3859 iniis
1481 3786 1768 3884 praestare
1786 3787 2002 3858 novit,
2024 3784 2142 3856 nisi
2165 3786 2598 3891 Philosophiae
2619 3817 2781 3889 ptae-

345 3900 560 3998 ceptis
591 3888 886 3965 imbutus
924 3910 1076 3961 ante
1106 3883 1326 3974 suerit.
1371 3890 1562 3993 'Nam
1595 3881 1783 4058 facile
1806 3888 1898 3959 est
1922 3882 2261 3962 ostendere
2280 3941 2303 3977 ‚
2340 3917 2559 3969 veram
2580 3891 2785 3985 juris-

1731 4024 1755 4061 2
1779 3990 1812 4058 ’Ῑ
2616 4006 2780 4085 ‹pru-
