<?xml version="1.0" encoding="UTF-8"?>
<!DOCTYPE html PUBLIC "-//W3C//DTD XHTML 1.0 Transitional//EN"
    "http://www.w3.org/TR/xhtml1/DTD/xhtml1-transitional.dtd">
<html xmlns="http://www.w3.org/1999/xhtml" xml:lang="en" lang="en">
 <head>
  <title>
</title>
<meta http-equiv="Content-Type" content="text/html;charset=utf-8" />
  <meta name='ocr-system' content='tesseract 3.04.00' />
  <meta name='ocr-capabilities' content='ocr_page ocr_carea ocr_par ocr_line ocrx_word'/>
</head>
<body>
  <div class='ocr_page' id='page_1' title='image "./johannisclauber00claugoog_0482.png"; bbox 0 0 3391 4418; ppageno 0'>
   <div class='ocr_carea' id='block_1_1' title="bbox 432 3923 2381 4044">
    <p class='ocr_par' dir='ltr' id='par_1_1' title="bbox 432 3923 2381 4044">
     <span class='ocr_line' id='line_1_1' title="bbox 432 3923 2381 4044; baseline 0.006 -41"><span class='ocrx_word' id='word_1_1' title='bbox 432 3923 439 3932; x_wconf 78' lang='grc'><strong>’</strong></span> <span class='ocrx_word' id='word_1_2' title='bbox 578 4018 606 4036; x_wconf 29' lang='grc' dir='ltr'>ἱ</span> <span class='ocrx_word' id='word_1_3' title='bbox 678 3936 988 4042; x_wconf 65' lang='lat' dir='ltr'>corporis</span> <span class='ocrx_word' id='word_1_4' title='bbox 1022 3932 1226 4031; x_wconf 67' lang='lat' dir='ltr'>quam</span> <span class='ocrx_word' id='word_1_5' title='bbox 1257 3944 1781 4023; x_wconf 73' lang='lat' dir='ltr'>ammiratione,</span> <span class='ocrx_word' id='word_1_6' title='bbox 1813 3937 2065 4014; x_wconf 80' lang='lat' dir='ltr'>Theor.</span> <span class='ocrx_word' id='word_1_7' title='bbox 2093 3946 2248 4019; x_wconf 82' lang='lat' dir='ltr'>Viv.</span> <span class='ocrx_word' id='word_1_8' title='bbox 2271 3968 2301 4044; x_wconf 84' lang='lat'><em>3</em></span> <span class='ocrx_word' id='word_1_9' title='bbox 2314 3968 2381 4039; x_wconf 87' lang='lat'>5.</span> 
     </span>
    </p>
   </div>
   <div class='ocr_carea' id='block_1_2' title="bbox 642 100 3140 518">
    <p class='ocr_par' dir='ltr' id='par_1_2' title="bbox 642 100 3140 518">
     <span class='ocr_line' id='line_1_2' title="bbox 642 100 2840 233; baseline -0.013 -21"><span class='ocrx_word' id='word_1_10' title='bbox 642 139 819 233; x_wconf 59' lang='grc' dir='ltr'>ιμς-ι.</span> <span class='ocrx_word' id='word_1_11' title='bbox 1029 222 1036 227; x_wconf 35' lang='lat'>‚</span> <span class='ocrx_word' id='word_1_12' title='bbox 1156 100 2707 232; x_wconf 29' lang='lat' dir='ltr'>Conponunt-rdinum*</span> <span class='ocrx_word' id='word_1_13' title='bbox 2826 216 2840 224; x_wconf 32' lang='lat'><strong>·</strong></span> 
     </span>
     <span class='ocr_line' id='line_1_3' title="bbox 655 211 3140 337; baseline -0.01 -21"><span class='ocrx_word' id='word_1_14' title='bbox 655 244 754 316; x_wconf 86' lang='lat' dir='ltr'>les</span> <span class='ocrx_word' id='word_1_15' title='bbox 774 292 797 326; x_wconf 89' lang='lat'>‚</span> <span class='ocrx_word' id='word_1_16' title='bbox 835 228 1143 335; x_wconf 75' lang='lat' dir='ltr'>cespites,</span> <span class='ocrx_word' id='word_1_17' title='bbox 1179 230 1437 309; x_wconf 82' lang='lat' dir='ltr'>corium</span> <span class='ocrx_word' id='word_1_18' title='bbox 1459 266 1485 302; x_wconf 73' lang='lat'><em>2</em></span> <span class='ocrx_word' id='word_1_19' title='bbox 1518 219 1842 304; x_wconf 86' lang='lat' dir='ltr'>stramen,</span> <span class='ocrx_word' id='word_1_20' title='bbox 1876 211 2129 303; x_wconf 78' lang='lat' dir='ltr'>salices,</span> <span class='ocrx_word' id='word_1_21' title='bbox 2164 215 2338 319; x_wconf 77' lang='lat' dir='ltr'>ligna</span> <span class='ocrx_word' id='word_1_22' title='bbox 2366 243 2659 337; x_wconf 74' lang='lat' dir='ltr'>querna,</span> <span class='ocrx_word' id='word_1_23' title='bbox 2698 218 2845 293; x_wconf 67' lang='grc' dir='ltr'>δίε.</span> <span class='ocrx_word' id='word_1_24' title='bbox 2874 217 2996 295; x_wconf 72' lang='lat' dir='ltr'>(ed</span> <span class='ocrx_word' id='word_1_25' title='bbox 3024 227 3140 298; x_wconf 65' lang='grc' dir='ltr'><strong>σέ</strong></span> 
     </span>
     <span class='ocr_line' id='line_1_4' title="bbox 661 316 3138 518; baseline -0.022 0.978"><span class='ocrx_word' id='word_1_26' title='bbox 660 317 2217 518; x_wconf 40' lang='lat' dir='ltr'>wasnaum</span> <span class='ocrx_word' id='word_1_27' title='bbox 2396 316 2741 410; x_wconf 47' lang='grc' dir='ltr'>ΗΜ</span> <span class='ocrx_word' id='word_1_28' title='bbox 2775 323 3138 401; x_wconf 57' lang='lat'>”0022112</span> 
     </span>
    </p>
   </div>
   <div class='ocr_carea' id='block_1_3' title="bbox 677 603 3124 1231">
    <p class='ocr_par' dir='ltr' id='par_1_3' title="bbox 670 603 3124 1231">
     <span class='ocr_line' id='line_1_5' title="bbox 1512 603 2300 696; baseline -0.006 0"><span class='ocrx_word' id='word_1_29' title='bbox 1512 608 1595 696; x_wconf 91' lang='lat' dir='ltr'>C</span> <span class='ocrx_word' id='word_1_30' title='bbox 1650 632 1710 692; x_wconf 71' lang='grc' dir='ltr'><strong>Α</strong></span> <span class='ocrx_word' id='word_1_31' title='bbox 1773 638 1840 694; x_wconf 77' lang='grc' dir='ltr'>Ρ.</span> <span class='ocrx_word' id='word_1_32' title='bbox 1953 605 2127 693; x_wconf 91' lang='lat' dir='ltr'>LX</span> <span class='ocrx_word' id='word_1_33' title='bbox 2143 603 2300 694; x_wconf 87' lang='lat' dir='ltr'>VI.</span> 
     </span>
     <span class='ocr_line' id='line_1_6' title="bbox 1039 746 2679 864; baseline -0.005 -21"><span class='ocrx_word' id='word_1_34' title='bbox 1039 769 1044 773; x_wconf 74' lang='grc'><em>“</em></span> <span class='ocrx_word' id='word_1_35' title='bbox 1099 770 1250 844; x_wconf 83' lang='lat' dir='ltr'>Cur</span> <span class='ocrx_word' id='word_1_36' title='bbox 1264 751 1797 863; x_wconf 71' lang='lat' dir='ltr'>hominumpost</span> <span class='ocrx_word' id='word_1_37' title='bbox 1810 746 2182 833; x_wconf 73' lang='lat' dir='ltr'>diluvium</span> <span class='ocrx_word' id='word_1_38' title='bbox 2195 752 2368 832; x_wconf 74' lang='lat' dir='ltr'>vita</span> <span class='ocrx_word' id='word_1_39' title='bbox 2385 750 2679 864; x_wconf 75' lang='lat' dir='ltr'>quidem</span> 
     </span>
     <span class='ocr_line' id='line_1_7' title="bbox 1313 863 2474 985; baseline 0.004 -37"><span class='ocrx_word' id='word_1_40' title='bbox 1313 864 1607 950; x_wconf 81' lang='lat' dir='ltr'>brevior</span> <span class='ocrx_word' id='word_1_41' title='bbox 1629 930 1650 963; x_wconf 85' lang='lat'>‚</span> <span class='ocrx_word' id='word_1_42' title='bbox 1666 863 1812 975; x_wconf 81' lang='lat' dir='ltr'>sed</span> <span class='ocrx_word' id='word_1_43' title='bbox 1824 869 2474 985; x_wconf 50' lang='lat' dir='ltr'>ingeniumsscrius.</span> 
     </span>
     <span class='ocr_line' id='line_1_8' title="bbox 677 1009 3124 1231; baseline -0.003 -133.02"><span class='ocrx_word' id='word_1_44' title='bbox 677 1052 748 1105; x_wconf 86' lang='lat'>1.</span> <span class='ocrx_word' id='word_1_45' title='bbox 779 1027 958 1231; x_wconf 86' lang='lat' dir='ltr'><strong>Q</strong></span> <span class='ocrx_word' id='word_1_46' title='bbox 983 1018 1253 1094; x_wconf 72' lang='lat' dir='ltr'>[Iaetere</span> <span class='ocrx_word' id='word_1_47' title='bbox 1282 1012 1391 1088; x_wconf 78' lang='lat' dir='ltr'>hic</span> <span class='ocrx_word' id='word_1_48' title='bbox 1418 1010 1610 1099; x_wconf 89' lang='lat' dir='ltr'>lieet,</span> <span class='ocrx_word' id='word_1_49' title='bbox 1645 1009 1761 1085; x_wconf 90' lang='lat' dir='ltr'>ubi</span> <span class='ocrx_word' id='word_1_50' title='bbox 1798 1010 1884 1086; x_wconf 92' lang='lat' dir='ltr'>de</span> <span class='ocrx_word' id='word_1_51' title='bbox 1918 1020 2049 1088; x_wconf 89' lang='lat' dir='ltr'>vita</span> <span class='ocrx_word' id='word_1_52' title='bbox 2069 1012 2266 1116; x_wconf 83' lang='lat' dir='ltr'>longa</span> <span class='ocrx_word' id='word_1_53' title='bbox 2289 1024 2362 1090; x_wconf 87' lang='lat'>&amp;</span> <span class='ocrx_word' id='word_1_54' title='bbox 2380 1010 2915 1117; x_wconf 89' lang='lat' dir='ltr'>perpetuasermo</span> <span class='ocrx_word' id='word_1_55' title='bbox 2936 1011 3124 1108; x_wconf 77' lang='lat' dir='ltr'>fuir,</span> 
     </span>
    </p>
   </div>
   <div class='ocr_carea' id='block_1_4' title="bbox 651 1113 3128 4015">
    <p class='ocr_par' dir='ltr' id='par_1_4' title="bbox 673 1113 3120 1419">
     <span class='ocr_line' id='line_1_9' title="bbox 673 1113 3066 1221; baseline -0.001 -28"><span class='ocrx_word' id='word_1_56' title='bbox 673 1206 688 1213; x_wconf 46' lang='lat'>‚</span> <span class='ocrx_word' id='word_1_57' title='bbox 987 1144 1103 1203; x_wconf 89' lang='lat' dir='ltr'>cur</span> <span class='ocrx_word' id='word_1_58' title='bbox 1121 1119 1270 1221; x_wconf 86' lang='lat' dir='ltr'>post</span> <span class='ocrx_word' id='word_1_59' title='bbox 1290 1114 1607 1189; x_wconf 88' lang='lat' dir='ltr'>diluvium</span> <span class='ocrx_word' id='word_1_60' title='bbox 1635 1113 1850 1189; x_wconf 72' lang='lat' dir='ltr'>minus</span> <span class='ocrx_word' id='word_1_61' title='bbox 1874 1114 1987 1188; x_wconf 91' lang='lat' dir='ltr'>diu</span> <span class='ocrx_word' id='word_1_62' title='bbox 2008 1121 2226 1189; x_wconf 82' lang='lat' dir='ltr'>vivant</span> <span class='ocrx_word' id='word_1_63' title='bbox 2244 1115 2556 1189; x_wconf 85' lang='lat' dir='ltr'>homines</span> <span class='ocrx_word' id='word_1_64' title='bbox 2574 1113 2772 1214; x_wconf 54' lang='lat' dir='ltr'>quim</span> <span class='ocrx_word' id='word_1_65' title='bbox 2794 1138 3001 1191; x_wconf 85' lang='lat' dir='ltr'>antea.</span> <span class='ocrx_word' id='word_1_66' title='bbox 3056 1120 3066 1134; x_wconf 78' lang='lat'>&#39;</span> 
     </span>
     <span class='ocr_line' id='line_1_10' title="bbox 689 1214 3120 1319; baseline -0.004 -18"><span class='ocrx_word' id='word_1_67' title='bbox 689 1304 697 1316; x_wconf 68' lang='grc'>,</span> <span class='ocrx_word' id='word_1_68' title='bbox 775 1250 865 1301; x_wconf 78' lang='lat'>2..</span> <span class='ocrx_word' id='word_1_69' title='bbox 907 1231 961 1299; x_wconf 85' lang='lat' dir='ltr'>E</span> <span class='ocrx_word' id='word_1_70' title='bbox 990 1218 1106 1295; x_wconf 80' lang='lat' dir='ltr'>scri</span> <span class='ocrx_word' id='word_1_71' title='bbox 1159 1243 1300 1294; x_wconf 90' lang='lat' dir='ltr'>tore</span> <span class='ocrx_word' id='word_1_72' title='bbox 1324 1214 1479 1289; x_wconf 83' lang='lat' dir='ltr'>alibi</span> <span class='ocrx_word' id='word_1_73' title='bbox 1501 1221 1705 1288; x_wconf 85' lang='lat' dir='ltr'>citato</span> <span class='ocrx_word' id='word_1_74' title='bbox 1726 1241 1865 1288; x_wconf 89' lang='lat' dir='ltr'>rem</span> <span class='ocrx_word' id='word_1_75' title='bbox 1885 1214 2064 1288; x_wconf 87' lang='lat' dir='ltr'>illam</span> <span class='ocrx_word' id='word_1_76' title='bbox 2089 1214 2265 1291; x_wconf 90' lang='lat' dir='ltr'>hunc</span> <span class='ocrx_word' id='word_1_77' title='bbox 2284 1218 2370 1291; x_wconf 88' lang='lat' dir='ltr'>ad</span> <span class='ocrx_word' id='word_1_78' title='bbox 2392 1217 2676 1291; x_wconf 87' lang='lat' dir='ltr'>modum</span> <span class='ocrx_word' id='word_1_79' title='bbox 2694 1217 3004 1319; x_wconf 78' lang='lat' dir='ltr'>explicare</span> <span class='ocrx_word' id='word_1_80' title='bbox 3027 1217 3120 1292; x_wconf 84' lang='lat' dir='ltr'>li-</span> 
     </span>
     <span class='ocr_line' id='line_1_11' title="bbox 675 1313 2987 1419; baseline -0.004 -19"><span class='ocrx_word' id='word_1_81' title='bbox 675 1320 826 1416; x_wconf 59' lang='lat' dir='ltr'>[cetz</span> <span class='ocrx_word' id='word_1_82' title='bbox 868 1352 897 1401; x_wconf 91' lang='lat'>1</span> <span class='ocrx_word' id='word_1_83' title='bbox 913 1377 933 1400; x_wconf 97' lang='grc'><strong><em>.</em></strong></span> <span class='ocrx_word' id='word_1_84' title='bbox 950 1321 1098 1398; x_wconf 83' lang='lat' dir='ltr'>vid·</span> <span class='ocrx_word' id='word_1_85' title='bbox 1130 1327 1262 1397; x_wconf 88' lang='lat' dir='ltr'>uvii</span> <span class='ocrx_word' id='word_1_86' title='bbox 1283 1314 1584 1393; x_wconf 87' lang='lat' dir='ltr'>tellurem</span> <span class='ocrx_word' id='word_1_87' title='bbox 1596 1318 1713 1389; x_wconf 87' lang='lat' dir='ltr'>lon</span> <span class='ocrx_word' id='word_1_88' title='bbox 1762 1317 1799 1388; x_wconf 79' lang='grc' dir='ltr'>ὲ</span> <span class='ocrx_word' id='word_1_89' title='bbox 1820 1313 2229 1419; x_wconf 80' lang='lat' dir='ltr'>frigidiorem</span> <span class='ocrx_word' id='word_1_90' title='bbox 2253 1327 2324 1393; x_wconf 75' lang='grc' dir='ltr'>δε</span> <span class='ocrx_word' id='word_1_91' title='bbox 2345 1317 2690 1391; x_wconf 67' lang='lat' dir='ltr'>sicciorem</span> <span class='ocrx_word' id='word_1_92' title='bbox 2713 1317 2987 1393; x_wconf 79' lang='lat' dir='ltr'>evasisse.</span> 
     </span>
    </p>

    <p class='ocr_par' dir='ltr' id='par_1_5' title="bbox 674 1346 3128 1830">
     <span class='ocr_line' id='line_1_12' title="bbox 725 1346 3128 1526; baseline -0.001 -27"><span class='ocrx_word' id='word_1_93' title='bbox 725 1418 730 1423; x_wconf 60' lang='grc'><strong>’</strong></span> <span class='ocrx_word' id='word_1_94' title='bbox 777 1456 812 1526; x_wconf 86' lang='lat'>3</span> <span class='ocrx_word' id='word_1_95' title='bbox 826 1478 845 1499; x_wconf 90' lang='lat'><strong>.</strong></span> <span class='ocrx_word' id='word_1_96' title='bbox 891 1424 1259 1518; x_wconf 74' lang='lat' dir='ltr'>frigidiorem</span> <span class='ocrx_word' id='word_1_97' title='bbox 1286 1416 1557 1520; x_wconf 87' lang='lat' dir='ltr'>quidem</span> <span class='ocrx_word' id='word_1_98' title='bbox 1576 1471 1599 1503; x_wconf 84' lang='lat'><strong>,</strong></span> <span class='ocrx_word' id='word_1_99' title='bbox 1617 1346 1812 1517; x_wconf 51' lang='lat' dir='ltr'>qugd</span> <span class='ocrx_word' id='word_1_100' title='bbox 1833 1443 2014 1491; x_wconf 89' lang='lat' dir='ltr'>tanta</span> <span class='ocrx_word' id='word_1_101' title='bbox 2033 1418 2244 1493; x_wconf 85' lang='lat' dir='ltr'>moles</span> <span class='ocrx_word' id='word_1_102' title='bbox 2262 1446 2580 1521; x_wconf 87' lang='lat' dir='ltr'>aquarum</span> <span class='ocrx_word' id='word_1_103' title='bbox 2603 1443 2788 1493; x_wconf 91' lang='lat' dir='ltr'>tanto</span> <span class='ocrx_word' id='word_1_104' title='bbox 2810 1442 3128 1521; x_wconf 89' lang='lat' dir='ltr'>tempore</span> 
     </span>
     <span class='ocr_line' id='line_1_13' title="bbox 675 1510 3127 1625; baseline -0.002 -25"><span class='ocrx_word' id='word_1_105' title='bbox 675 1551 829 1600; x_wconf 89' lang='lat' dir='ltr'>eam</span> <span class='ocrx_word' id='word_1_106' title='bbox 859 1551 1004 1602; x_wconf 91' lang='lat' dir='ltr'>non</span> <span class='ocrx_word' id='word_1_107' title='bbox 1032 1520 1244 1596; x_wconf 76' lang='lat' dir='ltr'>solum</span> <span class='ocrx_word' id='word_1_108' title='bbox 1285 1524 1509 1593; x_wconf 82' lang='lat' dir='ltr'>texen&#39;t</span> <span class='ocrx_word' id='word_1_109' title='bbox 1541 1527 1614 1592; x_wconf 89' lang='lat'>&amp;</span> <span class='ocrx_word' id='word_1_110' title='bbox 1656 1510 2144 1621; x_wconf 78' lang='lat' dir='ltr'>comprefferit3</span> <span class='ocrx_word' id='word_1_111' title='bbox 2177 1518 2281 1591; x_wconf 85' lang='lat' dir='ltr'>sed</span> <span class='ocrx_word' id='word_1_112' title='bbox 2318 1528 2386 1593; x_wconf 91' lang='lat' dir='ltr'>in</span> <span class='ocrx_word' id='word_1_113' title='bbox 2415 1517 2551 1622; x_wconf 86' lang='lat' dir='ltr'>ipsa</span> <span class='ocrx_word' id='word_1_114' title='bbox 2580 1530 2717 1622; x_wconf 86' lang='lat' dir='ltr'>ejus</span> <span class='ocrx_word' id='word_1_115' title='bbox 2737 1517 2970 1594; x_wconf 88' lang='lat' dir='ltr'>viscera</span> <span class='ocrx_word' id='word_1_116' title='bbox 2992 1546 3127 1625; x_wconf 84' lang='lat' dir='ltr'>pe-</span> 
     </span>
     <span class='ocr_line' id='line_1_14' title="bbox 674 1617 3126 1727; baseline -0.001 -27"><span class='ocrx_word' id='word_1_117' title='bbox 674 1630 1050 1727; x_wconf 74' lang='lat' dir='ltr'>⁴netraverit.</span> <span class='ocrx_word' id='word_1_118' title='bbox 1077 1670 1084 1683; x_wconf 80' lang='lat'>..</span> <span class='ocrx_word' id='word_1_119' title='bbox 1109 1620 1368 1698; x_wconf 80' lang='lat' dir='ltr'>Confer</span> <span class='ocrx_word' id='word_1_120' title='bbox 1406 1645 1549 1720; x_wconf 83' lang='lat' dir='ltr'>quae</span> <span class='ocrx_word' id='word_1_121' title='bbox 1577 1617 1662 1690; x_wconf 91' lang='lat' dir='ltr'>de</span> <span class='ocrx_word' id='word_1_122' title='bbox 1699 1626 1913 1694; x_wconf 87' lang='lat' dir='ltr'>vernis</span> <span class='ocrx_word' id='word_1_123' title='bbox 1952 1619 2266 1695; x_wconf 56' lang='lat' dir='ltr'>noctibus</span> <span class='ocrx_word' id='word_1_124' title='bbox 2297 1620 2392 1696; x_wconf 90' lang='lat' dir='ltr'>ob</span> <span class='ocrx_word' id='word_1_125' title='bbox 2421 1621 2713 1697; x_wconf 85' lang='lat' dir='ltr'>hiemem</span> <span class='ocrx_word' id='word_1_126' title='bbox 2739 1622 3126 1723; x_wconf 81' lang='lat' dir='ltr'>praeceden-</span> 
     </span>
     <span class='ocr_line' id='line_1_15' title="bbox 683 1717 2907 1830; baseline -0.003 -28"><span class='ocrx_word' id='word_1_127' title='bbox 683 1752 821 1819; x_wconf 86' lang='lat' dir='ltr'>tem</span> <span class='ocrx_word' id='word_1_128' title='bbox 850 1721 1305 1830; x_wconf 78' lang='lat' dir='ltr'>frigidioribus</span> <span class='ocrx_word' id='word_1_129' title='bbox 1324 1721 1595 1794; x_wconf 82' lang='lat' dir='ltr'>diximus</span> <span class='ocrx_word' id='word_1_130' title='bbox 1615 1717 1738 1794; x_wconf 86' lang='lat' dir='ltr'>Ph.</span> <span class='ocrx_word' id='word_1_131' title='bbox 1761 1724 1927 1814; x_wconf 84' lang='lat'>899.</span> <span class='ocrx_word' id='word_1_132' title='bbox 2900 1746 2907 1753; x_wconf 52' lang='lat'>⁸</span> 
     </span>
    </p>

    <p class='ocr_par' dir='ltr' id='par_1_6' title="bbox 674 1818 3123 2425">
     <span class='ocr_line' id='line_1_16' title="bbox 780 1818 3121 1925; baseline -0.002 -23"><span class='ocrx_word' id='word_1_133' title='bbox 780 1857 856 1925; x_wconf 84' lang='lat'>4.</span> <span class='ocrx_word' id='word_1_134' title='bbox 902 1830 1205 1899; x_wconf 76' lang='lat' dir='ltr'>sicciorem</span> <span class='ocrx_word' id='word_1_135' title='bbox 1238 1824 1439 1902; x_wconf 74' lang='lat' dir='ltr'>vero,</span> <span class='ocrx_word' id='word_1_136' title='bbox 1471 1845 1672 1923; x_wconf 87' lang='lat' dir='ltr'>prout</span> <span class='ocrx_word' id='word_1_137' title='bbox 1708 1824 1870 1896; x_wconf 76' lang='lat' dir='ltr'>elixa</span> <span class='ocrx_word' id='word_1_138' title='bbox 1895 1820 2059 1895; x_wconf 82' lang='lat' dir='ltr'>ficca</span> <span class='ocrx_word' id='word_1_139' title='bbox 2086 1818 2452 1896; x_wconf 84' lang='lat' dir='ltr'>redduntur</span> <span class='ocrx_word' id='word_1_140' title='bbox 2482 1818 2810 1897; x_wconf 67' lang='lat' dir='ltr'>subdqu</span> <span class='ocrx_word' id='word_1_141' title='bbox 2843 1822 3121 1898; x_wconf 85' lang='lat' dir='ltr'>naturali</span> 
     </span>
     <span class='ocr_line' id='line_1_17' title="bbox 681 1920 3123 2033; baseline -0.001 -31"><span class='ocrx_word' id='word_1_142' title='bbox 681 1955 804 2033; x_wconf 89' lang='lat' dir='ltr'>per</span> <span class='ocrx_word' id='word_1_143' title='bbox 836 1932 1227 2001; x_wconf 69' lang='lat' dir='ltr'>coctionem</span> <span class='ocrx_word' id='word_1_144' title='bbox 1259 1924 1585 2007; x_wconf 81' lang='lat' dir='ltr'>humore3</span> <span class='ocrx_word' id='word_1_145' title='bbox 1621 1931 1693 1996; x_wconf 87' lang='lat'>&amp;</span> <span class='ocrx_word' id='word_1_146' title='bbox 1729 1921 1903 2026; x_wconf 88' lang='lat' dir='ltr'>ligna</span> <span class='ocrx_word' id='word_1_147' title='bbox 1935 1923 1975 1994; x_wconf 68' lang='lat' dir='ltr'>a</span> <span class='ocrx_word' id='word_1_148' title='bbox 1996 1920 2296 1996; x_wconf 84' lang='lat' dir='ltr'>filvicidis</span> <span class='ocrx_word' id='word_1_149' title='bbox 2319 1926 2388 1994; x_wconf 88' lang='lat' dir='ltr'>in</span> <span class='ocrx_word' id='word_1_150' title='bbox 2407 1921 2617 1997; x_wconf 85' lang='lat' dir='ltr'>u&#39;ndas</span> <span class='ocrx_word' id='word_1_151' title='bbox 2637 1931 3077 2024; x_wconf 87' lang='lat' dir='ltr'>projiciuntur</span> <span class='ocrx_word' id='word_1_152' title='bbox 3095 1980 3123 2015; x_wconf 85' lang='lat'>,</span> 
     </span>
     <span class='ocr_line' id='line_1_18' title="bbox 680 2020 3121 2123; baseline -0.002 -24"><span class='ocrx_word' id='word_1_153' title='bbox 680 2054 767 2102; x_wconf 87' lang='lat' dir='ltr'>ne</span> <span class='ocrx_word' id='word_1_154' title='bbox 804 2026 1029 2099; x_wconf 86' lang='lat' dir='ltr'>insitus</span> <span class='ocrx_word' id='word_1_155' title='bbox 1068 2020 1314 2097; x_wconf 91' lang='lat' dir='ltr'>humor</span> <span class='ocrx_word' id='word_1_156' title='bbox 1342 2028 1410 2092; x_wconf 89' lang='lat' dir='ltr'>in</span> <span class='ocrx_word' id='word_1_157' title='bbox 1453 2026 1693 2093; x_wconf 90' lang='lat' dir='ltr'>cariem</span> <span class='ocrx_word' id='word_1_158' title='bbox 1728 2031 1800 2096; x_wconf 78' lang='grc' dir='ltr'>δε</span> <span class='ocrx_word' id='word_1_159' title='bbox 1835 2048 2089 2098; x_wconf 83' lang='lat' dir='ltr'>vermes</span> <span class='ocrx_word' id='word_1_160' title='bbox 2128 2022 2478 2111; x_wconf 83' lang='lat' dir='ltr'>exuberet,</span> <span class='ocrx_word' id='word_1_161' title='bbox 2516 2032 2583 2096; x_wconf 89' lang='lat'>&amp;</span> <span class='ocrx_word' id='word_1_162' title='bbox 2616 2024 2774 2123; x_wconf 87' lang='lat' dir='ltr'>post</span> <span class='ocrx_word' id='word_1_163' title='bbox 2809 2025 3121 2103; x_wconf 86' lang='lat' dir='ltr'>debitum</span> 
     </span>
     <span class='ocr_line' id='line_1_19' title="bbox 681 2119 3122 2227; baseline 0 -31"><span class='ocrx_word' id='word_1_164' title='bbox 681 2151 945 2227; x_wconf 71' lang='lat' dir='ltr'>tempus</span> <span class='ocrx_word' id='word_1_165' title='bbox 976 2119 1676 2209; x_wconf 80' lang='lat' dir='ltr'>educuntut&#39;ficciora3</span> <span class='ocrx_word' id='word_1_166' title='bbox 1715 2130 1788 2196; x_wconf 87' lang='lat'>&amp;</span> <span class='ocrx_word' id='word_1_167' title='bbox 1810 2121 2217 2216; x_wconf 75' lang='lat' dir='ltr'>distillatores</span> <span class='ocrx_word' id='word_1_168' title='bbox 2235 2168 2260 2203; x_wconf 71' lang='lat'><em>2</em></span> <span class='ocrx_word' id='word_1_169' title='bbox 2294 2149 2364 2198; x_wconf 91' lang='lat' dir='ltr'>ut</span> <span class='ocrx_word' id='word_1_170' title='bbox 2383 2124 2727 2195; x_wconf 86' lang='lat' dir='ltr'>humorem</span> <span class='ocrx_word' id='word_1_171' title='bbox 2751 2121 3122 2200; x_wconf 87' lang='lat' dir='ltr'>herbarum</span> 
     </span>
     <span class='ocr_line' id='line_1_20' title="bbox 674 2215 3114 2333; baseline 0 -33"><span class='ocrx_word' id='word_1_172' title='bbox 674 2223 989 2314; x_wconf 76' lang='lat' dir='ltr'>eliciant,</span> <span class='ocrx_word' id='word_1_173' title='bbox 1024 2249 1062 2297; x_wconf 91' lang='lat' dir='ltr'>a</span> <span class='ocrx_word' id='word_1_174' title='bbox 1091 2215 1197 2297; x_wconf 74' lang='grc' dir='ltr'>ὐἓὶ</span> <span class='ocrx_word' id='word_1_175' title='bbox 1231 2221 1337 2298; x_wconf 88' lang='lat' dir='ltr'>vel</span> <span class='ocrx_word' id='word_1_176' title='bbox 1375 2220 1507 2294; x_wconf 87' lang='lat' dir='ltr'>alio</span> <span class='ocrx_word' id='word_1_177' title='bbox 1539 2226 2060 2326; x_wconf 86' lang='lat' dir='ltr'>proportionato</span> <span class='ocrx_word' id='word_1_178' title='bbox 2083 2222 2341 2325; x_wconf 90' lang='lat' dir='ltr'>liquore</span> <span class='ocrx_word' id='word_1_179' title='bbox 2373 2227 2620 2330; x_wconf 82' lang='lat' dir='ltr'>plantas</span> <span class='ocrx_word' id='word_1_180' title='bbox 2640 2222 3114 2333; x_wconf 53' lang='lat' dir='ltr'>perspergunt‘‚</span> 
     </span>
     <span class='ocr_line' id='line_1_21' title="bbox 686 2321 1916 2425; baseline -0.003 -21"><span class='ocrx_word' id='word_1_181' title='bbox 686 2334 827 2404; x_wconf 68' lang='grc' dir='ltr'>δίο.</span> <span class='ocrx_word' id='word_1_182' title='bbox 882 2321 1056 2402; x_wconf 86' lang='lat' dir='ltr'>Vide</span> <span class='ocrx_word' id='word_1_183' title='bbox 1137 2323 1508 2399; x_wconf 72' lang='lat' dir='ltr'>beor-Viv.</span> <span class='ocrx_word' id='word_1_184' title='bbox 1531 2331 1650 2398; x_wconf 88' lang='lat'>68.</span> <span class='ocrx_word' id='word_1_185' title='bbox 1669 2325 1766 2425; x_wconf 88' lang='lat' dir='ltr'>sq.</span> <span class='ocrx_word' id='word_1_186' title='bbox 1912 2369 1916 2372; x_wconf 89' lang='lat'><em>-</em></span> 
     </span>
    </p>

    <p class='ocr_par' dir='ltr' id='par_1_7' title="bbox 677 2422 3121 2734">
     <span class='ocr_line' id='line_1_22' title="bbox 681 2422 3116 2532; baseline 0 -34"><span class='ocrx_word' id='word_1_187' title='bbox 681 2422 689 2429; x_wconf 75' lang='grc'><strong>’</strong></span> <span class='ocrx_word' id='word_1_188' title='bbox 785 2448 846 2523; x_wconf 83' lang='lat'>5.</span> <span class='ocrx_word' id='word_1_189' title='bbox 901 2431 1002 2500; x_wconf 90' lang='lat' dir='ltr'>Ita</span> <span class='ocrx_word' id='word_1_190' title='bbox 1025 2429 1337 2499; x_wconf 90' lang='lat' dir='ltr'>nimirum</span> <span class='ocrx_word' id='word_1_191' title='bbox 1358 2426 1511 2498; x_wconf 72' lang='lat' dir='ltr'>cum</span> <span class='ocrx_word' id='word_1_192' title='bbox 1528 2424 1702 2499; x_wconf 88' lang='lat' dir='ltr'>bene</span> <span class='ocrx_word' id='word_1_193' title='bbox 1725 2424 1978 2532; x_wconf 85' lang='lat' dir='ltr'>digesto</span> <span class='ocrx_word' id='word_1_194' title='bbox 1991 2427 2272 2501; x_wconf 90' lang='lat' dir='ltr'>humore</span> <span class='ocrx_word' id='word_1_195' title='bbox 2295 2424 2693 2500; x_wconf 87' lang='lat' dir='ltr'>redundaret</span> <span class='ocrx_word' id='word_1_196' title='bbox 2710 2423 2939 2508; x_wconf 81' lang='lat' dir='ltr'>tellus,</span> <span class='ocrx_word' id='word_1_197' title='bbox 2971 2447 3116 2498; x_wconf 87' lang='lat' dir='ltr'>non</span> 
     </span>
     <span class='ocr_line' id='line_1_23' title="bbox 679 2521 3121 2630; baseline -0.003 -27"><span class='ocrx_word' id='word_1_198' title='bbox 679 2521 868 2604; x_wconf 81' lang='lat' dir='ltr'>fuiffe</span> <span class='ocrx_word' id='word_1_199' title='bbox 886 2534 1227 2629; x_wconf 86' lang='lat' dir='ltr'>potiorem</span> <span class='ocrx_word' id='word_1_200' title='bbox 1248 2525 1608 2601; x_wconf 66' lang='lat' dir='ltr'>exsiccandi</span> <span class='ocrx_word' id='word_1_201' title='bbox 1640 2531 2009 2616; x_wconf 86' lang='lat' dir='ltr'>rationem,</span> <span class='ocrx_word' id='word_1_202' title='bbox 2045 2529 2246 2630; x_wconf 75' lang='lat' dir='ltr'>quam</span> <span class='ocrx_word' id='word_1_203' title='bbox 2280 2527 2514 2601; x_wconf 86' lang='lat' dir='ltr'>addito</span> <span class='ocrx_word' id='word_1_204' title='bbox 2548 2530 2682 2601; x_wconf 86' lang='lat' dir='ltr'>alio</span> <span class='ocrx_word' id='word_1_205' title='bbox 2713 2527 2994 2601; x_wconf 88' lang='lat' dir='ltr'>humore</span> <span class='ocrx_word' id='word_1_206' title='bbox 3023 2524 3121 2598; x_wconf 89' lang='lat' dir='ltr'>se..</span> 
     </span>
     <span class='ocr_line' id='line_1_24' title="bbox 677 2617 3067 2734; baseline -0.001 -30"><span class='ocrx_word' id='word_1_207' title='bbox 677 2617 1158 2734; x_wconf 83' lang='lat' dir='ltr'>parabiliorem</span> <span class='ocrx_word' id='word_1_208' title='bbox 1181 2624 1454 2702; x_wconf 78' lang='lat' dir='ltr'>reddere</span> <span class='ocrx_word' id='word_1_209' title='bbox 1476 2654 1628 2700; x_wconf 88' lang='lat' dir='ltr'>eum</span> <span class='ocrx_word' id='word_1_210' title='bbox 1651 2629 1767 2727; x_wconf 88' lang='lat' dir='ltr'>qui</span> <span class='ocrx_word' id='word_1_211' title='bbox 1783 2636 1990 2703; x_wconf 88' lang='lat' dir='ltr'>inerat</span> <span class='ocrx_word' id='word_1_212' title='bbox 2009 2639 2080 2704; x_wconf 87' lang='lat'>&amp;</span> <span class='ocrx_word' id='word_1_213' title='bbox 2107 2627 2294 2702; x_wconf 88' lang='lat' dir='ltr'>fimul</span> <span class='ocrx_word' id='word_1_214' title='bbox 2323 2653 2669 2731; x_wconf 90' lang='lat' dir='ltr'>utrumque</span> <span class='ocrx_word' id='word_1_215' title='bbox 2689 2635 3067 2729; x_wconf 83' lang='lat' dir='ltr'>exprimere.</span> 
     </span>
    </p>

    <p class='ocr_par' dir='ltr' id='par_1_8' title="bbox 659 2726 3117 3034">
     <span class='ocr_line' id='line_1_25' title="bbox 783 2726 3113 2832; baseline -0.001 -30"><span class='ocrx_word' id='word_1_216' title='bbox 783 2735 882 2804; x_wconf 87' lang='grc'>6.·</span> <span class='ocrx_word' id='word_1_217' title='bbox 906 2756 975 2803; x_wconf 89' lang='lat'>2.</span> <span class='ocrx_word' id='word_1_218' title='bbox 998 2735 1089 2802; x_wconf 84' lang='lat' dir='ltr'>Ex</span> <span class='ocrx_word' id='word_1_219' title='bbox 1124 2730 1244 2802; x_wconf 86' lang='lat' dir='ltr'>illo</span> <span class='ocrx_word' id='word_1_220' title='bbox 1283 2728 1523 2802; x_wconf 87' lang='lat' dir='ltr'>telluris</span> <span class='ocrx_word' id='word_1_221' title='bbox 1552 2726 1797 2831; x_wconf 88' lang='lat' dir='ltr'>frigore</span> <span class='ocrx_word' id='word_1_222' title='bbox 1831 2740 1904 2806; x_wconf 87' lang='lat'>&amp;</span> <span class='ocrx_word' id='word_1_223' title='bbox 1935 2729 2212 2804; x_wconf 75' lang='lat' dir='ltr'>siccitate</span> <span class='ocrx_word' id='word_1_224' title='bbox 2238 2739 2586 2832; x_wconf 86' lang='lat' dir='ltr'>provenire</span> <span class='ocrx_word' id='word_1_225' title='bbox 2606 2776 2629 2813; x_wconf 86' lang='lat'><strong>,</strong></span> <span class='ocrx_word' id='word_1_226' title='bbox 2667 2727 2860 2828; x_wconf 89' lang='lat' dir='ltr'>quod</span> <span class='ocrx_word' id='word_1_227' title='bbox 2882 2727 3113 2830; x_wconf 77' lang='lat' dir='ltr'>plantae</span> 
     </span>
     <span class='ocr_line' id='line_1_26' title="bbox 659 2825 3117 2932; baseline -0.001 -29"><span class='ocrx_word' id='word_1_228' title='bbox 659 2825 767 2918; x_wconf 50' lang='lat' dir='ltr'>s&amp;</span> <span class='ocrx_word' id='word_1_229' title='bbox 797 2829 1103 2928; x_wconf 80' lang='lat' dir='ltr'>animalia</span> <span class='ocrx_word' id='word_1_230' title='bbox 1131 2829 1586 2932; x_wconf 84' lang='lat' dir='ltr'>maligniorem</span> <span class='ocrx_word' id='word_1_231' title='bbox 1617 2829 1774 2903; x_wconf 89' lang='lat' dir='ltr'>inde</span> <span class='ocrx_word' id='word_1_232' title='bbox 1805 2830 2066 2904; x_wconf 88' lang='lat' dir='ltr'>succum</span> <span class='ocrx_word' id='word_1_233' title='bbox 2090 2841 2158 2905; x_wconf 90' lang='lat'>&amp;</span> <span class='ocrx_word' id='word_1_234' title='bbox 2179 2833 2562 2904; x_wconf 82' lang='lat' dir='ltr'>alimentum</span> <span class='ocrx_word' id='word_1_235' title='bbox 2581 2834 2896 2932; x_wconf 85' lang='lat' dir='ltr'>recipiant</span> <span class='ocrx_word' id='word_1_236' title='bbox 2916 2884 2939 2918; x_wconf 91' lang='lat'>,</span> <span class='ocrx_word' id='word_1_237' title='bbox 2964 2830 3117 2903; x_wconf 74' lang='lat' dir='ltr'>cum</span> 
     </span>
     <span class='ocr_line' id='line_1_27' title="bbox 687 2929 3097 3034; baseline 0.001 -27"><span class='ocrx_word' id='word_1_238' title='bbox 687 2935 1028 3033; x_wconf 77' lang='lat' dir='ltr'>vegetatio</span> <span class='ocrx_word' id='word_1_239' title='bbox 1063 2932 1134 3003; x_wconf 86' lang='lat' dir='ltr'>in</span> <span class='ocrx_word' id='word_1_240' title='bbox 1153 2932 1374 3004; x_wconf 89' lang='lat' dir='ltr'>calore</span> <span class='ocrx_word' id='word_1_241' title='bbox 1395 2938 1466 3006; x_wconf 87' lang='lat'>&amp;</span> <span class='ocrx_word' id='word_1_242' title='bbox 1485 2929 1770 3004; x_wconf 89' lang='lat' dir='ltr'>humore</span> <span class='ocrx_word' id='word_1_243' title='bbox 1792 2931 2117 3005; x_wconf 74' lang='lat' dir='ltr'>consistat.</span> <span class='ocrx_word' id='word_1_244' title='bbox 2166 2931 2421 3004; x_wconf 89' lang='lat' dir='ltr'>Theor.</span> <span class='ocrx_word' id='word_1_245' title='bbox 2440 2930 2582 3034; x_wconf 57' lang='lat' dir='ltr'>cap.</span> <span class='ocrx_word' id='word_1_246' title='bbox 2596 2937 2716 3005; x_wconf 88' lang='lat'>111.</span> <span class='ocrx_word' id='word_1_247' title='bbox 3088 2999 3097 3010; x_wconf 88' lang='lat'><strong>.</strong></span> 
     </span>
    </p>

    <p class='ocr_par' dir='ltr' id='par_1_9' title="bbox 661 3028 3109 3401">
     <span class='ocr_line' id='line_1_28' title="bbox 788 3028 3109 3134; baseline 0 -30"><span class='ocrx_word' id='word_1_248' title='bbox 788 3054 863 3132; x_wconf 86' lang='lat'>7.</span> <span class='ocrx_word' id='word_1_249' title='bbox 909 3057 970 3132; x_wconf 74' lang='lat'>3.</span> <span class='ocrx_word' id='word_1_250' title='bbox 1002 3034 1101 3105; x_wconf 82' lang='lat' dir='ltr'>Ex</span> <span class='ocrx_word' id='word_1_251' title='bbox 1127 3058 1212 3105; x_wconf 94' lang='lat' dir='ltr'>eo</span> <span class='ocrx_word' id='word_1_252' title='bbox 1243 3029 1434 3131; x_wconf 92' lang='lat' dir='ltr'>quod</span> <span class='ocrx_word' id='word_1_253' title='bbox 1454 3028 1692 3104; x_wconf 87' lang='lat' dir='ltr'>ficcior</span> <span class='ocrx_word' id='word_1_254' title='bbox 1706 3030 1975 3107; x_wconf 84' lang='lat' dir='ltr'>evaserit</span> <span class='ocrx_word' id='word_1_255' title='bbox 1996 3057 2204 3110; x_wconf 79' lang='lat' dir='ltr'>terra,</span> <span class='ocrx_word' id='word_1_256' title='bbox 2238 3038 2441 3106; x_wconf 88' lang='lat' dir='ltr'>etiam</span> <span class='ocrx_word' id='word_1_257' title='bbox 2465 3040 2684 3107; x_wconf 83' lang='lat' dir='ltr'>a’e&#39;rem</span> <span class='ocrx_word' id='word_1_258' title='bbox 2704 3086 2726 3119; x_wconf 90' lang='lat'>‚</span> <span class='ocrx_word' id='word_1_259' title='bbox 2756 3039 2869 3134; x_wconf 90' lang='lat' dir='ltr'>qui</span> <span class='ocrx_word' id='word_1_260' title='bbox 2888 3030 3109 3105; x_wconf 84' lang='lat' dir='ltr'>homi-</span> 
     </span>
     <span class='ocr_line' id='line_1_29' title="bbox 661 3128 3103 3236; baseline 0.002 -33"><span class='ocrx_word' id='word_1_261' title='bbox 661 3152 847 3232; x_wconf 14' lang='lat' dir='ltr'>*nem</span> <span class='ocrx_word' id='word_1_262' title='bbox 886 3130 1097 3205; x_wconf 90' lang='lat' dir='ltr'>ambit</span> <span class='ocrx_word' id='word_1_263' title='bbox 1132 3139 1203 3205; x_wconf 88' lang='lat'>&amp;</span> <span class='ocrx_word' id='word_1_264' title='bbox 1243 3130 1329 3203; x_wconf 91' lang='lat' dir='ltr'>ab</span> <span class='ocrx_word' id='word_1_265' title='bbox 1360 3128 1501 3232; x_wconf 85' lang='lat' dir='ltr'>ipso</span> <span class='ocrx_word' id='word_1_266' title='bbox 1537 3128 1904 3232; x_wconf 82' lang='lat' dir='ltr'>inspiratur,</span> <span class='ocrx_word' id='word_1_267' title='bbox 1945 3139 2284 3236; x_wconf 89' lang='lat' dir='ltr'>puriorem</span> <span class='ocrx_word' id='word_1_268' title='bbox 2315 3160 2390 3206; x_wconf 90' lang='lat' dir='ltr'>ac</span> <span class='ocrx_word' id='word_1_269' title='bbox 2433 3139 2806 3206; x_wconf 87' lang='lat' dir='ltr'>tenuiorem</span> <span class='ocrx_word' id='word_1_270' title='bbox 2840 3132 3103 3208; x_wconf 63' lang='lat' dir='ltr'>facium.</span> 
     </span>
     <span class='ocr_line' id='line_1_30' title="bbox 684 3229 3108 3401; baseline 0.003 -98"><span class='ocrx_word' id='word_1_271' title='bbox 684 3235 859 3401; x_wconf 55' lang='lat' dir='ltr'>{unt</span> <span class='ocrx_word' id='word_1_272' title='bbox 881 3237 1059 3304; x_wconf 92' lang='lat' dir='ltr'>enim</span> <span class='ocrx_word' id='word_1_273' title='bbox 1076 3253 1353 3332; x_wconf 85' lang='lat' dir='ltr'>vapores</span> <span class='ocrx_word' id='word_1_274' title='bbox 1373 3257 1450 3304; x_wconf 84' lang='lat' dir='ltr'>ex</span> <span class='ocrx_word' id='word_1_275' title='bbox 1469 3229 1635 3306; x_wconf 89' lang='lat' dir='ltr'>locis</span> <span class='ocrx_word' id='word_1_276' title='bbox 1653 3229 1940 3310; x_wconf 88' lang='lat' dir='ltr'>humidis</span> <span class='ocrx_word' id='word_1_277' title='bbox 1958 3232 2379 3309; x_wconf 87' lang='lat' dir='ltr'>ascendentes</span> <span class='ocrx_word' id='word_1_278' title='bbox 2401 3232 2770 3322; x_wconf 77' lang='lat' dir='ltr'>crassiores,</span> <span class='ocrx_word' id='word_1_279' title='bbox 2805 3234 2928 3310; x_wconf 84' lang='lat' dir='ltr'>Ph.</span> <span class='ocrx_word' id='word_1_280' title='bbox 2955 3241 3039 3327; x_wconf 83' lang='lat'>89</span> <span class='ocrx_word' id='word_1_281' title='bbox 3056 3261 3108 3314; x_wconf 83' lang='grc' dir='ltr'>ι.</span> 
     </span>
    </p>

    <p class='ocr_par' dir='ltr' id='par_1_10' title="bbox 768 3341 1520 3420">
     <span class='ocr_line' id='line_1_31' title="bbox 768 3341 1520 3420; baseline -0.001 -18"><span class='ocrx_word' id='word_1_282' title='bbox 768 3380 787 3402; x_wconf 93' lang='grc'><strong><em>.</em></strong></span> <span class='ocrx_word' id='word_1_283' title='bbox 803 3341 973 3420; x_wconf 85' lang='lat'>916.</span> <span class='ocrx_word' id='word_1_284' title='bbox 1515 3373 1520 3376; x_wconf 64' lang='lat'>,</span> 
     </span>
    </p>

    <p class='ocr_par' dir='ltr' id='par_1_11' title="bbox 651 3354 3104 3638">
     <span class='ocr_line' id='line_1_32' title="bbox 685 3354 3101 3534; baseline 0.001 -31"><span class='ocrx_word' id='word_1_285' title='bbox 685 3354 766 3432; x_wconf 62' lang='lat' dir='ltr'>‘q</span> <span class='ocrx_word' id='word_1_286' title='bbox 797 3435 867 3504; x_wconf 82' lang='lat'>8.</span> <span class='ocrx_word' id='word_1_287' title='bbox 921 3437 1023 3507; x_wconf 87' lang='lat' dir='ltr'>Ac</span> <span class='ocrx_word' id='word_1_288' title='bbox 1049 3430 1331 3533; x_wconf 87' lang='lat' dir='ltr'>proinde</span> <span class='ocrx_word' id='word_1_289' title='bbox 1363 3457 1499 3507; x_wconf 91' lang='lat' dir='ltr'>tam</span> <span class='ocrx_word' id='word_1_290' title='bbox 1525 3460 1607 3507; x_wconf 83' lang='lat' dir='ltr'>ex</span> <span class='ocrx_word' id='word_1_291' title='bbox 1643 3436 1964 3512; x_wconf 90' lang='lat' dir='ltr'>alimento</span> <span class='ocrx_word' id='word_1_292' title='bbox 1998 3437 2199 3531; x_wconf 89' lang='lat' dir='ltr'>(vide</span> <span class='ocrx_word' id='word_1_293' title='bbox 2232 3434 2488 3509; x_wconf 87' lang='lat' dir='ltr'>Theor.</span> <span class='ocrx_word' id='word_1_294' title='bbox 2511 3437 2669 3511; x_wconf 79' lang='lat' dir='ltr'>viv.</span> <span class='ocrx_word' id='word_1_295' title='bbox 2707 3457 2858 3534; x_wconf 68' lang='lat' dir='ltr'>caps</span> <span class='ocrx_word' id='word_1_296' title='bbox 2883 3435 3101 3527; x_wconf 81' lang='lat' dir='ltr'>vm.)</span> 
     </span>
     <span class='ocr_line' id='line_1_33' title="bbox 651 3529 3104 3638; baseline -0.001 -30"><span class='ocrx_word' id='word_1_297' title='bbox 651 3614 662 3630; x_wconf 55' lang='lat'>‚</span> <span class='ocrx_word' id='word_1_298' title='bbox 743 3529 902 3608; x_wconf 60' lang='lat' dir='ltr'>uhm</span> <span class='ocrx_word' id='word_1_299' title='bbox 939 3559 1016 3607; x_wconf 84' lang='lat' dir='ltr'>ex</span> <span class='ocrx_word' id='word_1_300' title='bbox 1035 3538 1182 3606; x_wconf 81' lang='lat' dir='ltr'>a&#39;e&#39;re</span> <span class='ocrx_word' id='word_1_301' title='bbox 1211 3560 1297 3608; x_wconf 89' lang='lat' dir='ltr'>co</span> <span class='ocrx_word' id='word_1_302' title='bbox 1378 3560 1452 3607; x_wconf 89' lang='lat' dir='ltr'>us</span> <span class='ocrx_word' id='word_1_303' title='bbox 1470 3535 1834 3614; x_wconf 83' lang='lat' dir='ltr'>humanum</span> <span class='ocrx_word' id='word_1_304' title='bbox 1852 3562 1924 3612; x_wconf 92' lang='lat' dir='ltr'>ut</span> <span class='ocrx_word' id='word_1_305' title='bbox 1940 3563 2073 3611; x_wconf 92' lang='lat' dir='ltr'>non</span> <span class='ocrx_word' id='word_1_306' title='bbox 2094 3539 2275 3638; x_wconf 66' lang='lat' dir='ltr'>aeque</span> <span class='ocrx_word' id='word_1_307' title='bbox 2299 3538 2544 3613; x_wconf 88' lang='lat' dir='ltr'>vastum</span> <span class='ocrx_word' id='word_1_308' title='bbox 2562 3560 2643 3630; x_wconf 10' lang='lat' dir='ltr'>ac*</span> <span class='ocrx_word' id='word_1_309' title='bbox 2658 3531 2951 3608; x_wconf 87' lang='lat' dir='ltr'>durabile</span> <span class='ocrx_word' id='word_1_310' title='bbox 2969 3579 2993 3611; x_wconf 91' lang='lat'>‚</span> <span class='ocrx_word' id='word_1_311' title='bbox 3024 3538 3104 3606; x_wconf 85' lang='lat' dir='ltr'>ita</span> 
     </span>
    </p>

    <p class='ocr_par' dir='ltr' id='par_1_12' title="bbox 685 3557 3105 4015">
     <span class='ocr_line' id='line_1_34' title="bbox 685 3557 3105 3740; baseline -0.001 -33"><span class='ocrx_word' id='word_1_312' title='bbox 685 3557 1144 3730; x_wconf 55' lang='lat' dir='ltr'>RibtiIioribus</span> <span class='ocrx_word' id='word_1_313' title='bbox 1168 3561 1517 3737; x_wconf 53' lang='lat' dir='ltr'>praeditum</span> <span class='ocrx_word' id='word_1_314' title='bbox 1551 3635 1878 3739; x_wconf 79' lang='lat' dir='ltr'>spiritibus</span> <span class='ocrx_word' id='word_1_315' title='bbox 1911 3637 1997 3711; x_wconf 90' lang='lat' dir='ltr'>ad</span> <span class='ocrx_word' id='word_1_316' title='bbox 2026 3636 2507 3740; x_wconf 81' lang='lat' dir='ltr'>subjiciendum</span> <span class='ocrx_word' id='word_1_317' title='bbox 2543 3633 2605 3708; x_wconf 88' lang='lat' dir='ltr'>se</span> <span class='ocrx_word' id='word_1_318' title='bbox 2648 3642 2881 3710; x_wconf 83' lang='lat' dir='ltr'>animae</span> <span class='ocrx_word' id='word_1_319' title='bbox 2903 3631 3105 3707; x_wconf 86' lang='lat' dir='ltr'>reddi-</span> 
     </span>
     <span class='ocr_line' id='line_1_35' title="bbox 691 3732 2935 3837; baseline 0.004 -34"><span class='ocrx_word' id='word_1_320' title='bbox 691 3750 838 3828; x_wconf 75' lang='lat' dir='ltr'>tum</span> <span class='ocrx_word' id='word_1_321' title='bbox 865 3732 995 3810; x_wconf 76' lang='lat' dir='ltr'>&#39;esst</span> <span class='ocrx_word' id='word_1_322' title='bbox 1025 3740 1257 3837; x_wconf 79' lang='lat' dir='ltr'>aptius·</span> <span class='ocrx_word' id='word_1_323' title='bbox 1920 3769 1925 3772; x_wconf 52' lang='lat'><em>²</em></span> <span class='ocrx_word' id='word_1_324' title='bbox 2932 3737 2935 3742; x_wconf 70' lang='grc'><strong>’</strong></span> 
     </span>
     <span class='ocr_line' id='line_1_36' title="bbox 705 3835 3103 4015; baseline 0.003 -113"><span class='ocrx_word' id='word_1_325' title='bbox 705 3911 718 3940; x_wconf 91' lang='lat'>·.</span> <span class='ocrx_word' id='word_1_326' title='bbox 783 3851 853 3923; x_wconf 82' lang='lat'>9.</span> <span class='ocrx_word' id='word_1_327' title='bbox 899 3836 1242 3933; x_wconf 87' lang='lat' dir='ltr'>Compara</span> <span class='ocrx_word' id='word_1_328' title='bbox 1275 3835 1506 3913; x_wconf 88' lang='lat' dir='ltr'>Gallos</span> <span class='ocrx_word' id='word_1_329' title='bbox 1541 3849 1614 3930; x_wconf 72' lang='grc' dir='ltr'>ὃς</span> <span class='ocrx_word' id='word_1_330' title='bbox 1637 3838 1839 3913; x_wconf 87' lang='lat' dir='ltr'>Italos</span> <span class='ocrx_word' id='word_1_331' title='bbox 1880 3863 2032 3912; x_wconf 89' lang='lat' dir='ltr'>cum</span> <span class='ocrx_word' id='word_1_332' title='bbox 2066 3841 2336 3943; x_wconf 79' lang='lat' dir='ltr'>populis</span> <span class='ocrx_word' id='word_1_333' title='bbox 2354 3837 2966 4015; x_wconf 50' lang='lat' dir='ltr'>septentrionalibus</span> <span class='ocrx_word' id='word_1_334' title='bbox 2983 3861 3103 3910; x_wconf 83' lang='lat' dir='ltr'>tam</span> 
     </span>
    </p>
   </div>
   <div class='ocr_carea' id='block_1_5' title="bbox 2426 3938 3104 4113">
    <p class='ocr_par' dir='ltr' id='par_1_13' title="bbox 2426 3938 3104 4113">
     <span class='ocr_line' id='line_1_37' title="bbox 2426 3938 3104 4113; baseline 0.001 -102"><span class='ocrx_word' id='word_1_335' title='bbox 2426 3970 2546 4046; x_wconf 88' lang='lat' dir='ltr'>qq.</span> <span class='ocrx_word' id='word_1_336' title='bbox 2599 3947 2685 4068; x_wconf 78' lang='lat' dir='ltr'>Et</span> <span class='ocrx_word' id='word_1_337' title='bbox 2716 3938 2939 4018; x_wconf 85' lang='lat' dir='ltr'>nescio</span> <span class='ocrx_word' id='word_1_338' title='bbox 2972 3961 3104 4113; x_wconf 58' lang='lat' dir='ltr'>effic</span> 
     </span>
    </p>
   </div>
  </div>
 </body>
</html>
