3391 4418
574 89 729 175 182
1121 72 2322 172 ‚DI-*spuTAT-lo‘

568 225 784 278 turam
808 191 985 268 suam
1003 214 1103 264 res
1130 210 1463 287 quemque
1479 185 1570 256 est
1590 239 1612 272 ,
1641 182 1996 285 &quidem
2013 182 2190 258 estid
2209 229 2233 267 ‚
2261 182 2449 284 quod
2472 184 2598 258 est:
2637 185 2999 269 Undefieri

570 305 803 400 nequit
832 348 853 385 ,
907 317 981 366 ut
1012 316 1131 392 per
1154 285 1437 360 eandem
1468 282 1713 359 feratur
1745 285 1830 370 ad
1864 313 2002 359 non
2040 284 2202 371 esse,
2237 284 2341 357 ve'l
2372 283 2459 358 ad
2490 282 2672 359 aliud
2695 288 2847 363 effe.
2907 295 3001 366 Et

572 394 1147 503 quemadmodum
1170 387 1238 462 id
1251 434 1277 467 ‚
1297 384 1488 488 quod
1506 412 1646 460 non
1667 389 1757 458 est
1772 433 1791 466 ,
1824 413 1938 488 per
1953 385 2012 459 se
2033 412 2170 476 non
2184 387 2400 486 potest
2419 391 2708 487 incipere
2722 388 2883 464 effe:
2909 397 3002 465 ita

574 501 741 578 illud
761 555 783 586 ‚
816 494 1006 597 quod
1044 492 1165 573 est,
1200 517 1317 590 per
1346 488 1407 560 se
1426 514 1565 560 non
1584 490 1805 589 potest
1825 486 2112 561 definere
2131 486 2289 574 effe3
2322 484 2432 559 sed
2447 495 2664 561 omnis
2680 500 3002 579 mutatio.

579 606 801 679 omnis
821 597 1153 699 generatio
1174 600 1246 663 ὃ(
1266 597 1603 690 corruptio
1623 634 1647 666 ‚
1667 589 1704 662 ἃ
1729 585 1911 661 causa
1933 587 2151 689 aliqua
2164 583 2611 688 proficiscatur
2627 588 2875 665 necesse
2889 595 3007 667 est.

581 710 721 779 Res
747 721 959 770 creata
994 693 1084 766 est
1120 697 1507 792 contingens
1532 696 1597 761 in
1626 688 1957 761 existendo
1988 698 2061 763 ὃς
2090 685 2266 788 quafi
2286 684 2664 762 indifferens
2684 691 2912 767 adess’e
2933 705 3008 769 δε
3041 705 3044 708 ’

581 828 726 880 non
757 793 877 870 esse
905 828 923 870 ι
962 791 1400 893 quamobrem
1430 788 1515 861 ad
1555 813 1859 862 neutrum
1898 787 2100 863 semet
2132 784 2330 888 ipsam
2367 788 2735 891 provehere
2754 795 3004 890 potest5

584 901 697 986 sed
711 900 749 971 εὶ
764 893 948 969 causa
961 897 1178 991 aliqua
1192 945 1215 980 ,
1254 888 1605 992 praestrtiin
1625 889 1659 964 a
1682 894 1894 991 prima
1920 943 1942 975 ‚
1978 889 2064 962 ad
2081 888 2461 962 alterutrum
2477 889 2742 990 perduci
2754 889 3010 996 semper

588 1001 816 1076 debet.
871 995 1093 1069 Potest
1125 993 1400 1092 quidem
1429 981 1677 1089 ahquid
1693 988 1881 1062 fimul
1897 987 2020 1064 effe
2040 998 2113 1063 &
2131 1016 2272 1061 non
2288 988 2410 1063 effe
2424 985 2778 1065 secundum
2793 992 3014 1069 diver·
3079 1029 3082 1031 ·

594 1103 685 1178 sas
717 1123 965 1202 partes,
1012 1092 1335 1193 siquidem
1365 1118 1463 1165 res
1489 1090 1568 1164 fit
1602 1089 2006 1191 compofita:
2041 1088 2128 1163 fic
2146 1088 2361 1163 homo
2377 1087 2587 1163 habet
2603 1096 2672 1164 in
2688 1089 2885 1167 seesse
2907 1121 3013 1168 ra-

594 1189 775 1277 rione
808 1195 1163 1271 substantiae
1196 1201 1266 1267 δε
1298 1193 1610 1266 virtutum
1632 1245 1653 1278 ,
1685 1217 1825 1263 non
1854 1188 1974 1264 effe
2004 1196 2256 1264 ratione
2271 1191 2624 1280 vitiorium
2653 1188 2768 1265 sed
2782 1202 3014 1270 motus

593 1305 691 1376 cst
725 1326 824 1373 res
858 1296 1159 1397 fimplex‚
1198 1298 1302 1365 cui
1335 1317 1476 1367 non
1509 1292 1727 1394 potest
1746 1289 1927 1367 fimul
1942 1288 2065 1366 effe
2085 1300 2158 1366 δε
2176 1317 2317 1363 non
2330 1287 2873 1394 effe-competere.
2919 1301 3020 1369 At

598 1403 741 1480 haec
751 1432 831 1497 με
839 1393 1347 1494 ταιῷυστκᾶπξᾳ.

698 1532 772 1593 9.
826 1501 1262 1573 Revertamur
1299 1491 1385 1563 ad
1400 1490 1689 1594 regulam
1712 1490 1999 1563 nostram
2020 1489 2105 1565 de
2123 1488 2586 1591 perseverantia
2600 1490 2909 1593 cujusque
2924 1495 3022 1570 rei

599 1609 670 1675 in
686 1599 797 1672 suo
824 1600 985 1669 statu
1002 1649 1026 1682 ‚
1060 1619 1264 1693 quam
1286 1592 1368 1664 de
1391 1616 1583 1664 motu
1603 1590 1959 1664 confirmat
1973 1592 2103 1693 ipffi
2120 1591 2423 1690 quotidie
2448 1597 2845 1692 experientia
2858 1599 2927 1666 in
2947 1602 3024 1671 iis

594 1695 991 1801 corporibus
1010 1750 1032 1783 ,
1063 1719 1209 1793 quae
1288 1697 1697 1788 rejiciuntur.
1754 1696 2154 1792 Projefflonem
2180 1717 2494 1765 vocamus
2531 1717 2806 1766 omnem
2822 1696 3026 1770 vehe-

600 1805 1000 1876 mentiorem
1019 1821 1091 1870 ex
1143 1793 1204 1864 ul
1233 1807 1459 1864 ionem
1477 1844 1499 1876 ‚
1529 1813 1602 1862 ut
1619 1788 1776 1861 cum
1795 1787 1956 1891 lapis
1977 1795 2043 1864 in
2062 1790 2265 1865 altum
2277 1797 2622 1892 projicitur
2635 1847 2660 1880 ‚
2693 1793 2797 1869 vel
2818 1797 2856 1869 e*
2875 1823 3024 1870 rna·

600 1889 691 1976 im
710 1953 735 1988 ,
766 1897 867 1972 vel
895 1898 931 1967 ὲ
951 1819 1159 1967 funda
1186 1923 1205 1977 3
1236 1897 1394 1964 item
1418 1890 1574 1962 cum
1597 1887 1821 1989 ssgitta
1889 1918 1957 1965 er
1976 1915 2246 1966 nervum
2268 1917 2451 1966 arcus
2470 1898 2788 1968 excutitur
2804 1950 2827 1984 ,
2859 1901 3027 1974 item

594 2025 759 2078 cum
779 1993 1017 2098 globus
1038 1990 1075 2063 εὶ
1092 1990 1310 2091 spiritu
1327 1919 1978 2065 bombardaeincfuso
1998 1991 2410 2093 exploditur,
2432 2001 2565 2068 διε.
2617 1998 2781 2070 Haec
2801 2006 3030 2074 omnia

603 2096 783 2175 unde
807 2117 1072 2165 motum
1090 2092 1305 2190 primo
1326 2094 1649 2191 accipiant
1664 2085 1806 2164 satis
1823 2092 1912 2162 est
1932 2090 2364 2165 manifestum.
2379 2094 2511 2166 Sed
2531 2103 2861 2196 quaeritur‚
2877 2125 3030 2200 quae

606 2203 767 2291 iniis
783 2189 969 2268 causa
989 2189 1064 2264 fit
1080 2196 1443 2264 continuati
1462 2215 1684 2266 motus
1698 2236 1723 2269 ⁵
1740 2192 2087 2292 postquam
2106 2191 2142 2266 ὲ
2160 2196 2547 2295 projiciente
2565 2193 2847 2298 separata
2866 2199 3037 2278 sunt.

607 2298 738 2376 Alii
777 2295 947 2367 hanc
983 2289 1234 2365 causam
1260 2315 1495 2394 putant
1516 2289 1638 2366 effe
1651 2297 1814 2366 a'e‘ris
1827 2293 1929 2366 vel
1947 2292 2155 2367 medii
2173 2291 2616 2396 cujuscunque
2631 2299 2984 2400 impulsum
3003 2356 3031 2394 ,

608 2399 719 2476 alii
751 2390 1168 2497 impress'umit
1189 2418 1498 2467 movente
1511 2393 1836 2493 impetum
1858 2448 1880 2481 ,
1911 2419 2112 2494 quem
2128 2393 2214 2466 ab
2235 2391 2371 2495 ipso
2393 2420 2588 2470 motu
2608 2397 3033 2504 distinguunt.

611 2502 764 2580 Nos
783 2495 974 2571 facile
994 2520 1118 2567 nos
1134 2493 1510 2595 expedimus
1523 2493 1812 2571 dicendo,
1829 2544 1850 2581 ,
1867 2496 2023 2568 ideo
2038 2492 2243 2598 porro
2267 2503 2517 2573 moveri
2536 2506 2862 2599 projecka,
2879 2498 3038 2605 quia

609 2612 744 2702 jam
763 2596 954 2672 semel
979 2619 1247 2668 motum
1265 2617 1681 2697 acceperunt,
1701 2601 1768 2668 δι
1792 2590 2144 2669 secundum
2159 2622 2226 2668 re
2276 2593 2450 2670 ulam
2466 2625 2593 2700 pro
2643 2598 2871 2676 ofitam
2891 2632 3038 2678 ma-

611 2725 771 2774 nent
787 2705 853 2772 in
869 2726 952 2771 eo
969 2697 1130 2769 statu
1151 2751 1173 2783 ‚
1210 2703 1277 2768 in
1302 2724 1443 2795 quo
1461 2693 1604 2769 sunt
1625 2749 1647 2782 ,
1678 2693 1851 2767 adeo
1875 2722 1946 2772 ut
1967 2624 2318 2795 quaerenga
2333 2626 2879 2797 potiuslftcauss,
2916 2729 3038 2778 cur

614 2799 910 2876 definant
932 2801 1185 2869 moveri
1205 2796 1401 2891 quim
1421 2822 1536 2869 cur
1547 2817 1849 2896 pergant.
1904 2802 2178 2900 Qppe
2198 2823 2338 2870 nou
2355 2821 2534 2874 tanta
2548 2808 2721 2874 ratio
2742 2804 2833 2876 est
2900 2831 3038 2881 ue-

616 2898 805 2974 rendi
831 2952 849 2980 ,
889 2921 1003 2967 cut
1037 2890 1150 2974 id,
1189 2892 1379 2990 quod
1413 2896 1542 2978 est,
1572 2894 1694 2968 efle
1730 2894 2095 2995 perseveret
2116 2953 2137 2984 ,
2171 2897 2372 2998 quim
2402 2946 2425 2983 ‚
2459 2925 2575 2975 cur
2606 2900 2726 2976 effe
2759 2832 3033 2983 desinat.

618 3006 846 3099 Qem
863 3001 929 3066 in
948 2988 1193 3064 sensum
1214 2988 1604 3092 Theologus
1625 2993 1899 3090 quidam
1921 3001 2011 3069 ita
2029 2995 2252 3071 scribit
2272 3024 2296 3069 .·
2338 3012 2475 3075 Non
2498 3006 2684 3074 multa
2703 3007 2780 3076 ad
2796 3008 3041 3079 immor-

616 3106 914 3170 talitatem
950 3095 1147 3161 anima
1167 3090 1819 3186 humanaadstruendam
1827 3099 2147 3190 probatione
2156 3118 2284 3192 opus
2293 3096 2391 3196 est.
2436 3104 2591 3173 Sicut
2609 3107 2761 3175 enim
2772 3107 3044 3196 quidlibet

619 3194 763 3269 reete
790 3196 1059 3268 credimus
1092 3214 1197 3261 non
1226 3192 1361 3287 effe,
1390 3210 1701 3282 antequam
1725 3197 1986 3286 probetur
1999 3197 2138 3294 effe:
2179 3201 2263 3268 ita
2287 3239 2311 3273 2
2341 3196 2611 3296 quodest,
2648 3202 2796 3277 recle
2813 3229 3043 3280 manere

617 3299 891 3383 (reditum
913 3344 936 3377 ,
966 3289 1069 3383 rufi
1069 3290 1330 3384 probetur
1345 3291 1603 3388 definere.
1655 3294 1738 3364 Et
1757 3300 1981 3393 paucis
2004 3296 2397 3387 interjectis:
2433 3299 2670 3378 &certe
2683 3308 2884 3378 anima
2902 3328 3045 3399 quo-

619 3421 727 3490 que
774 3397 1087 3490 vegetantis
1123 3389 1195 3466 ὠ·
1222 3388 1510 3485 sentientis
1542 3394 1945 3466 immortalitas
1961 3394 2066 3491 seu
2084 3404 2476 3487 permanentia
2494 3403 2677 3498 potita
2711 3404 2997 3503 afferenda
3015 3450 3045 3488 n

618 3519 794 3590 quam
810 3492 1106 3566 rationalis
1121 3490 1315 3559 anime
1332 3492 1730 3561 immortalitas
1746 3493 2212 3588 negandafuere't.
2557 3495 2584 3515 ’“

730 3620 838 3666 xo.
890 3593 1097 3664 Ratio
1133 3612 1352 3661 autem
1375 3642 1395 3676 ,
1426 3615 1540 3662 cur
1567 3592 1866 3690 projesta
1902 3619 2041 3666 non
2067 3619 2353 3696 ‘pergant
2383 3602 2705 3700 perpetuo
2741 3610 2998 3680 moveri
3019 3664 3044 3697 ,

621 3690 764 3766 haec
785 3692 875 3763 est
893 3747 913 3773 ,
951 3687 1141 3790 quod
1156 3687 1250 3761 ab
1276 3687 1493 3762 obviis
1507 3690 1899 3790 corporibus
1916 3693 2231 3794 paulatim
2253 3696 2661 3773 retardantur
2679 3752 2701 3781 ‚
2744 3706 3052 3781 tandem..

625 3818 756 3890 que
798 3790 884 3864 ad
907 3796 1197 3889 quietem
1235 3789 1660 3863 reducuntur·
1709 3791 1818 3867 Ab
1851 3805 1998 3869 aere
2040 3821 2329 3895 namque
2368 3797 2626 3898 aliisque
2647 3809 3050 3906 corporibus

621 3890 844 3980 fluidis
862 3947 883 3981 ,
924 3896 996 3964 in
1025 3887 1264 3992 quibus
1302 3915 1694 3981 moventur,
1734 3920 1955 3971 motus
1986 3899 2440 3999 projerrum
2457 3905 2763 4003 recipitur
2778 3960 2799 3994 ,
2840 3928 3046 4008 atque

2955 4031 3050 4085 tta.
