3391 4418
626 146 784 258 398
1128 109 2582 220 comonszTANmAE

732 266 848 350 144
895 247 1239 325 Limitatio
1266 235 1661 342 perfefitioni
1681 231 1871 309 huic,
1896 230 2078 328 atque
2110 252 2186 296 ac
2208 224 2345 300 aliis
2366 224 2714 324 ‚adjunffl
2729 228 2870 314 est,
2887 251 3067 326 quo..

627 367 752 439 ties
772 376 994 431 motus
1012 356 1102 422 im
1155 344 1362 417 eratus
1386 336 1638 438 segnius
1665 331 1991 407 voluntati
2015 326 2361 429 respondet
2381 375 2403 410 ‚
2436 351 2547 400 aut
2567 351 2793 400 motus
2810 324 3064 427 objesti

629 455 873 536 sensum
902 458 973 525 in
1010 476 1102 522 no
1157 453 1206 518 is
1238 447 1414 517 ciens
1445 436 1686 511 tardius
1714 434 1799 506 ad
1831 439 2116 505 animam
2142 432 2466 527 pervenit.
2520 426 2766 502 Causas
2786 453 2937 501 ante
2970 452 3073 502 te-

633 568 796 664 tigi.·
839 565 935 630 Ita
967 553 1294 648 contingit
1315 596 1338 630 ‚
1371 534 1694 614 convetfis
1732 532 1859 606 alio
1891 527 2411 636 cogitationibus
2435 581 2457 614 ,
2491 534 2587 602 uti
2618 555 2806 602 aures
2835 528 3069 603 nostrat

637 685 807 740 voce
832 652 1103 756 quidem
1129 648 1464 745 loquentis
1493 643 1977 740 percutiantur,
2034 637 2288 704 animus
2321 632 2479 703 vero
2518 630 2718 732 paulo
2756 629 2909 731 post
2945 626 3067 700 de-

643 785 829 837 mum
856 751 978 827 sese
1004 746 1426 847 recolligens,
1455 738 1619 841 quid
1649 738 2011 812 indicatum
2044 729 2281 810 fuerit,
2312 735 2652 833 percipiat.
2719 728 2950 805 Simile
2990 726 3069 801 fit

643 863 914 965 quoties
937 843 1514 927 obdormiscimus.

1453 1023 1535 1107 C
1597 1045 1657 1101 A
1720 1050 1791 1105 P.
1900 1011 2281 1102 XXIX.

773 1209 1009 1323 ‚Qubd
1020 1202 1410 1313 conjunaio
1412 1202 1657 1314 prima
1677 1202 1871 1278 inter
1893 1201 2190 1304 corporis
2209 1190 2573 1298 animique
2589 1183 2794 1267 aelus
2822 1211 2977 1266 cum

978 1326 1214 1407 altera
1230 1317 1399 1402 inde
1414 1335 1581 1398 orta
1598 1368 1622 1410 ,
1645 1312 1738 1404 ό·
1757 1307 2174 1422 quandoque
2178 1303 2425 1418 plures
2422 1296 2763 1409 stcbordc'-

1301 1450 1478 1515 nata
1495 1449 1803 1541 tempore
1799 1421 2030 1529 stmul
2044 1417 2475 1534 ffpqssint.

663 1595 736 1667 ἰ.
779 1583 1212 1759 Μῐιιίωὲ
1243 1581 1401 1656 vero
1436 1570 2067 1679 praetermittendum
2098 1562 2220 1638 effe
2251 1562 2550 1651 videtur,
2576 1556 2768 1661 quod
2802 1577 3093 1655 eaquam

1006 1679 1445 1783 descripsimus
1475 1671 1799 1778 perfeffio
1829 1674 2017 1746 latius
2038 1666 2095 1763 st:
2125 1662 2432 1739 extendat
2465 1691 2543 1737 ac
2562 1667 2785 1764 primo
2809 1681 3093 1755 compo-

668 1794 917 1867 fitionis
940 1787 1129 1881 hujus
1149 1789 1386 1856 intuitu
1410 1800 1705 1879 apparet.

770 1919 839 1964 2.
883 1884 1313 1983 Respeximus
1331 1886 1506 1952 enim
1527 1875 1839 1948 haCkenus
1856 1866 2350 1969 uniuscujusque
2371 1863 2728 1940 funfflonis
2753 1878 3093 1957 corporea

665 1998 829 2063 'cum
847 1982 1267 2057 intellenuali
1283 1979 1400 2050 fibi
1419 1973 1851 2076 respondente
1869 1966 2278 2047 concursum.
2332 1974 2556 2066 Atque
2572 1973 2662 2037 ita
2678 1959 2898 2061 plures
2914 1959 3098 2028 aestus

668 2087 987 2163 coordinati
1019 2081 1275 2152 alterius
1291 2083 1492 2179 partis
1513 2102 1664 2148 cum
1680 2072 1979 2177 pluribus
1999 2076 2198 2175 partis
2218 2071 2471 2142 alterius
2494 2062 2740 2137 astibus
2755 2054 2948 2128 sunul
2968 2051 3101 2127 effe

671 2184 967 2291 possunt.

775 2310 813 2384 3
829 2336 849 2357 .
901 2286 1102 2382 Atqui
1131 2282 1262 2356 hoc
1282 2305 1533 2355 novum
1556 2282 1626 2353 δε
1642 2287 1775 2381 pra:
1793 2278 2036 2352 caeteris
2053 2269 2513 2347 admirandum
2533 2265 2623 2339 est
2640 2308 2663 2346 ‚
2690 2254 3099 2361 quodetiam

670 2384 891 2491 plures
927 2387 1106 2457 astus
1126 2383 1475 2480 subordinari
1504 2404 1808 2482 tempore
1841 2372 2497 2479 poffint·coincidere
2518 2414 2543 2447 ,
2594 2364 2729 2436 hoc
2758 2361 2885 2447 est,
2911 2353 3098 2457 quod

675 2486 1064 2581 conjuncstio
1094 2480 1394 2583 quaedam
1427 2504 1573 2552 orta
1604 2506 1679 2552 ex
1712 2478 1840 2550 alia
1867 2529 1890 2565 ‚
1938 2503 2082 2577 quae
2116 2476 2348 2550 natura
2380 2477 2602 2573 prior,
2633 2473 2707 2539 &
2736 2454 3095 2559 aliquando

673 2593 882 2663 etiarn
919 2587 1113 2659 tertia
1136 2638 1156 2670 ‚
1193 2579 1701 2684 praesupponens
1739 2602 2083 2676 utramque
2105 2626 2127 2660 ,
2169 2597 2470 2676 tempore
2492 2564 2681 2641 firnul
2700 2559 2823 2638 esse
2840 2578 3102 2660 queant·

776 2714 844 2781 4.
902 2683 1225 2760 Martialis
1243 2683 1327 2758 de
1344 2681 1611 2757 illorum
1635 2700 2013 2781 temporum
2035 2679 2331 2749 Notat-iis
2348 2681 2439 2747 ita
2460 2673 2676 2743 canit:

1054 2797 1315 2858 Currant
1329 2785 1497 2856 verba
1515 2786 1651 2853 ticet
1669 2832 1693 2866 ,
1718 2802 1915 2852 manus
1930 2775 2002 2875 est
2024 2779 2255 2849 velocior
2282 2778 2424 2850 iuis.-

1209 2884 1477 2954 Nomlum
1493 2883 1688 2973 lingua
1701 2881 1871 2976 sicum
1890 2930 1914 2963 ,
1942 2879 2148 2947 dextra
2156 2877 2375 2969 peregit
2391 2891 2548 2967 opta.

680 2980 820 3059 Hic
851 2984 1077 3084 triplex
1114 2984 1505 3076 conjunctio
1537 2985 1749 3050 notari
1768 2978 1985 3079 potest
1998 2980 2120 3064 ‚nin
2140 2999 2270 3073 qua
2285 2971 2385 3047 sex
2401 2974 2585 3045 astus
2607 3017 2629 3053 ,
2666 2989 2794 3039 tres
2811 2960 3107 3060 corporis

682 3081 1095 3180 totidemque
1128 3086 1359 3166 animi,
1413 3077 1547 3150 fine
1577 3077 1865 3150 notabili
1891 3075 2029 3149 ullo
2062 3078 2379 3175 temporis
2410 3065 2756 3145 intervallo
2790 3069 3106 3135 intercur·

683 3203 867 3255 rente
885 3226 911 3261 ,
942 3178 1126 3250 fimul
1156 3181 1462 3253 existunt:
1488 3204 1780 3278 quotum
1811 3179 2006 3278 primi
2036 3175 2172 3248 duo
2192 3174 2415 3247 natura
2432 3167 2805 3274 praecedunt
2832 3163 3003 3236 duos
3016 3154 3104 3229 se-

685 3301 996 3383 quentes,
1028 3282 1138 3376 qui
1151 3279 1357 3377 porro
1383 3278 1641 3353 duobus
1660 3280 1910 3352 ultimis
1924 3273 2340 3360 occasionem
2366 3267 2687 3374 ptaebent.
2820 3339 2825 3342 ,
3088 3329 3093 3336 .

687 3445 694 3452 .
786 3384 942 3477 5.1n
961 3382 1173 3480 prima
1193 3383 1662 3477 conjunta-ione
1682 3382 1774 3452 est
1792 3400 2013 3452 motus
2032 3376 2289 3449 aurium
2310 3371 2492 3444 simul
2513 3394 2667 3442 curn
2680 3366 3102 3468 perceptione

686 3486 928 3557 animi:
969 3483 1037 3550 in
1071 3475 1272 3556 altera
1296 3532 1316 3560 ,
1359 3504 1505 3578 quae
1539 3477 1737 3580 eopse
1771 3501 2123 3550 momento
2152 3477 2307 3548 inde
2341 3477 2595 3548 oritur,
2632 3470 2726 3541 est
2759 3464 3107 3542 voluntatis

686 3587 1036 3683 imperium
1066 3582 1366 3678 junstum
1397 3605 1555 3651 cum
1583 3604 1780 3652 motu
1803 3604 2032 3650 manus
2054 3585 2124 3649 δι
2151 3574 2423 3646 calami:
2458 3577 2528 3644 in
2563 3575 2753 3643 tertia
2778 3613 2803 3647 ‚
2848 3589 2992 3663 quae
3013 3563 3123 3631 iti-

690 3680 850 3752 dem
879 3680 1126 3757 eodem
1161 3703 1511 3753 momento
1547 3705 1700 3753 cum
1726 3675 2252 3781 praecedentibus
2269 3675 2602 3775 jungitur,
2634 3670 2789 3766 licet
2819 3691 2930 3738 eas
2961 3683 3119 3762 prae-

691 3773 1015 3892 supponat
1051 3830 1074 3862 ‚
1128 3781 1220 3851 est
1249 3779 1550 3855 voluntas
1578 3785 1960 3882 praecipiens
1988 3781 2211 3877 junQa
2243 3778 2465 3849 motui
2498 3768 2872 3845 oculorum.
2928 3765 3119 3836 Pono

691 3900 878 3952 emm
910 3878 1266 3951 Notarium
1297 3906 1437 3954 non
1472 3883 1731 3960 tantum
1752 3878 1981 3955 audite
1999 3888 2070 3955 &
2086 3874 2365 3954 scribere
2384 3929 2407 3964 ,
2430 3870 2558 3948 ‘sed
2575 3878 2770 3946 etiam
2784 3871 2962 3936 inter
2983 3859 3139 3933 scri-

697 3974 1002 4053 bendum
1024 3974 1260 4062 eadem
1278 3980 1500 4064 videte
1518 3992 1590 4063 &
1613 3982 1862 4091 legere.
2810 4069 2858 4136 6
2909 4057 3062 4164 Q

2863 4113 2884 4140 ο
2992 4083 3056 4130 m
3101 4106 3133 4125 -
