3391 4418
1049 137 2108 235 PntsrcAVI.
2654 178 2794 256 ¹03

367 277 765 358 corpoream
805 276 942 326 non
977 250 1310 353 pofl'umus
1344 258 1681 354 imaginari
1723 280 1856 330 tam
1893 282 2163 358 parvam
2184 303 2206 340 ,
2235 264 2393 358 quin
2427 256 2694 334 ulterius
2735 270 2804 335 in

368 358 532 429 duas
569 379 782 456 partes
804 399 829 432 ‚
867 379 927 424 v.
957 382 1025 454 g.
1061 353 1351 444 dextram
1382 362 1448 427 &
1471 357 1781 429 linistram
1804 411 1826 444 ,
1860 364 2262 457 cogitatione
2283 359 2576 437 dividere
2595 387 2798 458 quea-

365 483 534 529 mus.
584 454 801 555 Qod
831 478 1050 527 autem
1082 452 1168 527 fic
1194 461 1598 555 cogitatione
1643 456 1813 530 clara
1851 485 1929 530 ac
1958 459 2255 533 distincta
2274 461 2563 533 dividere
2581 460 2798 560 possu-

364 583 510 631 mus
531 603 556 634 ,
587 558 656 627 id
691 559 892 627 etiam
928 555 966 625 a
1008 556 1194 628 causa
1211 556 1425 655 aliqua
1449 609 1470 641 ,
1503 557 1677 630 certe
1700 557 1737 629 εἰ
1757 563 1912 630 Deo
1937 557 2139 633 dividi
2157 562 2391 660 potest.
2444 565 2605 635 Hoc
2626 589 2799 663 ergo.

359 654 532 729 sensu
545 660 670 727 dari
684 660 1004 726 maximum
1021 660 1095 733 (φ
1113 660 1414 727 minimum
1432 661 1492 725 in
1506 658 1724 755 Plyfica
1728 662 1989 753 generali
2001 686 2295 755 negamus.

462 785 576 833 22.
627 754 827 831 Unde
869 777 1091 825 tamen
1126 782 1264 828 non
1296 754 1582 853 stquitur
1603 809 1625 842 ,
1662 757 1853 856 quod
1887 785 2197 860 negemus
2236 762 2371 832 dari
2405 758 2793 864 corpuscula.

357 882 492 931 tam
526 882 723 957 parva
738 908 761 942 ,
795 876 866 926 ut
889 854 927 926 εὶ
951 879 1242 928 creatura
1258 855 1462 929 dividi
1482 859 1759 955 amplius
1776 884 2108 958 nequeant
2132 889 2154 944 ·,
2183 885 2296 933 aut
2312 886 2621 961 negemus
2644 860 2784 935 dari

352 957 502 1031 talia
521 1011 544 1043 ‚
583 983 730 1055 quae
752 1006 773 1038 ,
802 951 848 1024 fi
864 952 1236 1029 dividantur
1250 1008 1273 1041 ,
1314 962 1382 1028 in
1399 956 1585 1056 plura
1604 955 1896 1050 ejusdem
1916 965 2171 1059 generis
2191 969 2260 1033 δε
2281 983 2519 1032 naturae
2543 987 2785 1062 corpu-

348 1056 516 1131 scula
549 1083 691 1129 non
726 1052 983 1127 abeant.
1039 1059 1301 1127 Dantur
1327 1063 1549 1155 utique
1586 1055 1721 1130 hoc
1736 1056 1914 1132 sensu
1932 1062 2179 1132 minima
2197 1062 2496 1132 naturalia
2520 1110 2543 1144 ,
2573 1085 2786 1161 cangr-

345 1163 622 1231 minima
641 1179 789 1255 pars
810 1177 992 1249 aquae
1011 1196 1033 1233 ,
1067 1180 1211 1251 quae
1228 1152 1274 1223 fi
1289 1153 1606 1225 dividatur
1628 1157 1892 1231 ulterius
1907 1205 1931 1241 ,
1972 1156 2221 1230 desinat
2242 1156 2364 1230 effe
2380 1166 2454 1231 δε
2475 1159 2784 1258 appellari

343 1285 380 1330 a
432 1284 535 1329 ua.
583 1251 912 1353 Equidem
931 1252 1263 1324 indefinita
1280 1259 1560 1324 materiae
1578 1253 1805 1328 divisio
1826 1262 2072 1327 nemini
2094 1254 2425 1328 videbitur
2444 1256 2788 1354 improba·

344 1356 420 1426 bi
451 1361 501 1425 ‘s
524 1404 547 1436 ‚
576 1360 692 1447 qui
712 1348 818 1421 vel
835 1348 917 1419 ad
939 1352 1280 1421 innumera
1297 1349 1667 1449 plantarum
1689 1351 2173 1448 bestiarumque
2199 1379 2433 1449 genera
2452 1363 2521 1427 &
2542 1354 2786 1430 indivi-

348 1454 434 1524 du
443 1478 503 1530 a,
523 1456 586 1520 in
606 1473 752 1546 quae
772 1456 905 1545 jam
922 1444 1257 1518 distributa
1274 1448 1364 1518 est
1386 1445 1616 1517 mundi
1635 1444 1827 1543 hujus
1841 1455 2141 1525 materia,
2161 1456 2448 1523 animum
2462 1450 2789 1528 advertet.

467 1577 502 1622 2
521 1575 582 1637 3.
632 1551 942 1645 Opponit
997 1544 1226 1642 aliquis
1263 1552 1337 1617 iis
1371 1572 1515 1641 quae
1553 1544 1837 1634 diximus
1879 1545 2255 1640 hujusmodi
2284 1575 2737 1651 argumentum
2760 1581 2787 1625 ι

319 1662 320 1665 ’
353 1651 421 1721 Si
444 1669 609 1717 terra
628 1646 801 1716 estin
822 1644 1148 1717 infinitum
1163 1644 1451 1728 dividua,
1469 1670 1616 1742 pars
1631 1671 1901 1744 quoque
1921 1670 2099 1718 terrae
2112 1654 2380 1721 minima
2403 1658 2781 1742 (minimum

347 1746 689 1839 naturale)
724 1744 815 1814 est
846 1748 915 1815 in
951 1742 1278 1816 infinitum
1314 1744 1577 1815 dividua
1605 1752 1636 1819 2'
1681 1767 1821 1816 tum
1863 1744 2266 1819 divifibilitas
2291 1753 2358 1819 in
2385 1776 2567 1850 parte
2598 1777 2777 1827 tanta

343 1852 473 1917 erit
504 1899 528 1933 ,
549 1867 791 1947 quanta
820 1848 890 1915 in
919 1866 1098 1914 totos
1144 1849 1348 1941 Atqui
1383 1839 1734 1914 absurdum
1750 1846 1841 1916 est
1857 1844 2367 1923 divisibilitatem
2391 1874 2637 1925 tantam
2652 1851 2773 1925 esse

309 1998 312 2003 .
339 1951 410 2018 in
427 1970 650 2045 parte,
687 1940 1034 2043 praesertim
1061 1946 1331 2014 minima
1350 1994 1372 2027 ,
1411 1965 1649 2041 quanta
1674 1945 1767 2016 est
1793 1949 1863 2015 in
1887 1969 2039 2019 toto
2076 1946 2267 2020 valde
2286 1974 2557 2051 magno.
2608 1957 2775 2025 Pro·-

289 2120 292 2125 ,
340 2044 535 2118 batur
561 2052 776 2141 major
794 2095 817 2127 ‚
852 2047 1003 2141 quia
1031 2046 1097 2111 in
1132 2048 1354 2139 quavis
1377 2040 1693 2141 particula
1722 2068 1905 2119 terrae
1925 2043 2325 2120 divisibilitas
2340 2052 2410 2121 in
2429 2051 2767 2125 infinitum

332 2144 522 2242 aeque
555 2139 981 2243 intelligenda
1010 2142 1101 2212 est
1123 2167 1201 2214 ac
1235 2148 1299 2214 in
1322 2163 1464 2214 tota
1500 2166 1705 2229 terra,
1736 2144 1780 2216 fi
1817 2171 1966 2219 vera
1988 2144 2130 2220 sunt
2151 2200 2173 2233 ,
2211 2172 2354 2246 quae
2375 2174 2450 2223 ex
2465 2155 2768 2253 corporis

329 2269 558 2319 natura
577 2239 755 2341 sequi
774 2240 1253 2315 affirmavimus.
1284 2242 1612 2317 Probatur
1625 2250 1843 2318 minor
1861 2273 1944 2317 eo
1962 2245 2149 2345 quod
2171 2270 2389 2321 totum
2408 2258 2613 2351 magis
2632 2256 2767 2324 uti-

329 2370 462 2445 que
483 2343 826 2416 dividuum
848 2339 926 2413 fit
943 2341 1429 2416 existimandum
1447 2388 1472 2421 2
1508 2344 1710 2442 quam
1729 2371 1875 2446 pars
1891 2347 2027 2439 ejus
2045 2343 2217 2419 forte
2247 2347 2479 2421 millies
2496 2349 2761 2424 millefi-

331 2471 481 2520 ma,
512 2446 833 2543 quoniam
859 2465 1211 2539 antequam
1243 2446 1325 2513 ad
1364 2439 1532 2514 hanc
1573 2468 1829 2543 partem
1849 2441 2212 2519 dividendo
2241 2445 2322 2518 fit
2355 2446 2710 2522 deventum
2732 2502 2765 2537 ,

326 2545 520 2629 multi
566 2543 667 2614 lex
698 2539 930 2626 divifio
961 2540 1324 2640 praecedere
1350 2539 1602 2616 debuit.
1654 2544 1778 2615 Vel
1797 2552 1924 2617 ita:
1961 2550 2033 2620 Si
2057 2543 2373 2619 divisione
2412 2548 2757 2649 multiplici

323 2645 476 2737 jam.
491 2570 660 2715 (geta
689 2648 755 2713 in
776 2665 927 2713 toto
947 2695 970 2725 ,
999 2649 1066 2711 in
1085 2666 1265 2741 parte
1293 2665 1512 2712 manet
1527 2641 1741 2714 adhuc
1762 2669 1935 2715 tauta
1956 2689 1979 2720 ‚
2017 2642 2493 2742 {equiturillam
2515 2672 2757 2747 praece-

323 2743 596 2818 dentem
611 2741 854 2815 nullam
874 2737 1051 2813 fuiffe
1067 2740 1167 2815 vel
1191 2739 1349 2811 nihil
1370 2737 1642 2813 effeciss'e
1662 2794 1683 2825 ,
1718 2742 1924 2815 nullas
1939 2768 2152 2843 partes
2174 2742 2495 2816 abstuliffe
2517 2775 2539 2832 ;
2564 2744 2754 2846 quod

320 2842 700 2918 absurdum.

418 2972 527 3036 24.
586 2937 783 3041 Resp.
816 2937 1351 3012 Divifibilitatem
1380 2943 1449 3010 in
1472 2939 1795 3012 infinitum
1818 2938 1940 3014 esse
1964 2941 2217 3041 aliquid
2238 2948 2549 3042 corpori,
2585 2969 2752 3041 qua-

319 3067 507 3117 tenus
542 3067 660 3113 cor
709 3067 783 3113 us
808 3038 937 3121 est,
971 3037 1316 3112 ess'entiale.
1370 3039 1556 3112 Cum
1594 3063 1817 3114 autem
1851 3040 2125 3113 effentiae
2151 3047 2491 3114 communi
2511 3042 2750 3113 defini-

319 3148 506 3216 tione
528 3068 864 3240 explicatae
885 3164 1025 3210 non
1048 3144 1356 3238 recipiant
1373 3144 1575 3240 magis
1598 3149 1668 3212 δε
1692 3146 1908 3213 minus
1927 3193 1948 3222 ‚
1982 3166 2105 3212 nee
2120 3147 2448 3239 quantitas
2464 3146 2540 3215 iis
2556 3147 2744 3213 attri-

317 3240 433 3314 bui
472 3237 746 3325 debeat‚
781 3237 949 3308 male
965 3245 1030 3310 in
1051 3234 1393 3339 proposito
1410 3263 1800 3338 argumento
1823 3235 2122 3308 adhiberi
2144 3239 2452 3314 voculam
2467 3259 2696 3313 tantum
2714 3294 2734 3322 ,

303 3345 739 3443 perperatnin
761 3343 1122 3440 quantitate
1139 3345 1707 3437 comparationem
1729 3338 1992 3408 institui.
2049 3343 2147 3411 lta
2168 3364 2289 3413 nec
2310 3338 2529 3412 dicere
2547 3338 2753 3412 liceat>

305 3438 719 3534 commode,
746 3436 792 3509 fi
814 3440 1178 3539 proprietas
1208 3445 1401 3510 maris
1436 3438 1525 3508 est
1558 3439 1934 3508 humectare
1954 3485 1976 3520 ,
2004 3439 2096 3509 est
2116 3446 2328 3538 &pro
2378 3444 2571 3510 rictas
2589 3462 2743 3536 gut-

302 3541 500 3619 tulae,
539 3566 610 3611 er
649 3565 699 3610 o
721 3560 899 3610 tanta
917 3547 982 3610 in
1002 3538 1254 3640 guttula
1270 3543 1424 3621 erit,
1448 3560 1698 3632 quanta
1715 3541 1783 3607 in
1804 3539 1990 3606 mari.
2045 3537 2153 3629 Effla-
2168 3543 2229 3608 in
2253 3466 2538 3632 infizitum
2553 3536 2746 3633 divifi-

297 3643 414 3714 bue
433 3666 577 3714 non
621 3661 737 3711 unt
766 3635 961 3712 verba
980 3645 1411 3736 quantitatem
1430 3643 1726 3707 notantia
1744 3680 1766 3716 ‚
1787 3632 1895 3706 sed
1911 3639 2380 3734 proprietatem
2399 3681 2428 3713 ‚
2448 3660 2576 3734 qua
2592 3662 2746 3710 cor-

296 3765 427 3846 pus
447 3766 676 3842 aptum
695 3762 924 3810 natum
941 3741 1030 3809 est
1051 3737 1135 3808 ad
1160 3735 1547 3808 divisionem
1563 3731 1756 3832 usque
1778 3743 1848 3806 δε
1868 3729 1957 3804 us
1989 3757 2072 3802 ue
2094 3730 2513 3807 admittendi.
2793 3820 2799 3826 ²

408 3867 492 3937 25
508 3898 525 3916 .
576 3843 1096 3914 Praeoereaetiam
1118 3833 1490 3936 responderi
1510 3859 1740 3929 queat3
1774 3827 1953 3903 divifi
2006 3830 2284 3907 ilitatem
2301 3841 2369 3908 in
2389 3858 2572 3934 parte
2587 3835 2738 3905 mil-

291 3935 523 4019 lefima
548 3965 736 4017 terre
766 3964 910 4014 non
927 3935 1051 4013 effe
1068 3961 1320 4038 tantam
1339 3981 1361 4020 ‚
1395 3955 1639 4038 quanta
1659 3930 1837 4004 estin
1854 3949 2002 4006 tota,
2021 3953 2225 4019 terra,
2263 3932 2525 4044 hocjeest
2546 3930 2739 4043 quod

2509 4049 2739 4129 POIUO‘
