3391 4418
1024 138 1091 226 P
1151 165 1217 225 H
1275 169 1331 225 Y
1391 164 1429 223 s
1488 170 1521 229 r
1580 163 1636 224 c
1697 166 1746 229 Α
1865 140 1972 230 V.
2649 175 2759 245 99

324 290 550 343 rerum
576 274 824 367 genere
844 254 1276 359 collocatum.
1345 252 1526 327 Nam
1565 252 1721 327 inde
1751 255 1953 329 existit
1987 253 2242 356 aliquid
2279 278 2662 331 concretum
2688 288 2763 336 ex

326 368 672 442 substantia
692 371 761 436 δε
779 355 993 433 modo
1013 381 1155 429 uno
1170 353 1271 428 vel
1289 351 1604 454 pluribus,
1628 352 1869 453 quibus
1889 360 2031 431 talis
2043 358 2456 435 constituitur
2474 351 2760 432 substan..

328 475 439 543 tia.
494 468 771 539 Materia
806 469 1019 562 prima
1042 456 1128 529 ad
1195 462 1430 527 rimam
1451 464 1517 529 &
1539 455 1908 555 generalem
1926 503 1949 535 ‚
1985 464 2254 531 materia
2268 457 2548 535 secunda
2565 461 2653 533 ad
2669 458 2762 533 se-

325 565 615 642 cundam
631 560 1051 665 &specialem
1083 562 1132 632 1³
1182 553 1359 651 yficae
1377 580 1628 655 partem
1646 553 1892 656 speQat
1915 612 1936 645 ,
1974 556 2134 660 disp.
2166 559 2399 638 2,finc.

440 695 466 739 1
482 679 550 739 6.
598 668 873 739 Materia
908 666 1116 762 prima
1147 682 1270 728 nec
1289 663 1494 758 magis
1515 667 1637 728 nec·
1662 661 1877 731 minus
1895 666 2161 760 recipit,
2207 666 2362 733 cum
2385 679 2509 731 nec
2583 658 2755 734 lures

324 795 449 842 nec
479 769 818 867 pauciores
845 760 1052 835 tribus
1077 754 1513 833 dimensiones
1531 764 1598 828 in
1618 782 1941 857 corporea
1969 758 2146 832 mole
2169 767 2516 862 concipere
2533 686 2751 835 Eceat.

315 876 542 966 Atque
554 871 648 938 ira
656 862 970 963 ficbflantia
984 880 1245 954 corporea
1264 855 1397 932 verb
1415 861 1475 928 in
1492 859 1813 955 indim'fibili
1828 859 2083 956 confiflit.
2118 863 2152 954 (
2171 887 2265 932 ex.
2285 887 2381 961 gr.
2402 885 2636 957 corpus
2654 867 2752 934 vi-

311 968 494 1042 fibile
529 991 672 1039 non
710 966 919 1064 magis
947 962 1037 1032 est
1069 981 1306 1057 corpus
1329 957 1526 1056 quarn
1546 954 1865 1031 invifibile
1884 1012 1905 1044 ,
1952 958 2184 1033 durum
2212 985 2350 1031 non
2371 966 2577 1058 magis
2599 986 2749 1033 cor·

313 1094 593 1171 porcum
616 1066 819 1164 quam
837 1058 1040 1131 molle
1062 1111 1082 1144 ,
1106 1083 1249 1129 non
1270 1061 1475 1156 magis
1492 1061 1837 1160 participat
1855 1083 2153 1132 naturam
2169 1081 2566 1161 corpoream
2583 1081 2747 1132 terra

316 1168 514 1268 quam
541 1167 772 1266 ignis.)
814 1156 997 1230 ficuti
1027 1181 1242 1254 neque
1271 1161 1491 1252 augeri
1511 1180 1624 1228 aut
1648 1166 1854 1233 minui
1870 1161 2125 1258 potest,
2169 1184 2386 1257 neque
2407 1180 2748 1255 generatur

318 1293 427 1342 aut
447 1264 896 1358 corrumpitur
914 1300 936 1335 ‚
970 1260 1063 1327 uti
1088 1256 1362 1327 diximus
1385 1251 1479 1326 rh.
1510 1282 1533 1325 1
1556 1282 1618 1325 2.

422 1392 528 1457 17.
585 1366 678 1430 At
717 1360 982 1427 materia
1016 1349 1294 1423 secunda
1327 1350 1431 1422 vel
1465 1349 1806 1421 substantia
1830 1354 1967 1422 haec
1988 1376 2096 1423 aut
2121 1352 2227 1423 illa
2261 1351 2476 1425 modo
2520 1359 2758 1454 magis,

320 1462 535 1533 modo
569 1461 789 1527 minus
824 1452 966 1524 talis
1002 1448 1126 1522 csse
1156 1449 1431 1533 dicitur,
1464 1447 1729 1545 ejusque
1749 1446 2006 1520 essentia
2028 1450 2317 1546 aliquam
2336 1449 2756 1526 latitudinem

324 1546 558 1640 habet}
579 1554 927 1655 potestque
950 1558 1021 1622 &
1042 1554 1341 1620 minui&
1360 1545 1802 1647 multiplicari.
1857 1543 2060 1621 Verbi
2081 1548 2269 1623 causa
2296 1604 2316 1637 ‚
2332 1575 2614 1651 pomum
2630 1556 2758 1623 mi-

324 1686 447 1732 nus
473 1659 562 1729 est
593 1681 669 1726 ac
704 1650 946 1724 dicitur
961 1672 1245 1749 pomum
1262 1652 1328 1717 in
1354 1651 1572 1746 primo
1591 1644 1707 1717 suo
1731 1644 2149 1733 rudimento,
2189 1651 2389 1747 quim
2412 1647 2527 1725 ubi
2540 1676 2751 1725 maru-

321 1765 492 1844 ruit,
525 1764 594 1829 &
631 1757 840 1854 magis
866 1774 1148 1851 pomum
1183 1744 1495 1844 quamdiu
1527 1754 1853 1846 integrum
1881 1799 1902 1833 ,
1942 1744 2139 1845 quam
2176 1748 2289 1820 ubi
2323 1776 2477 1824 com
2528 1759 2751 1826 utruit.

319 1870 531 1937 Poma
563 1860 727 1927 item
759 1874 875 1923 aut
901 1850 1087 1951 plura
1118 1871 1227 1921 aut
1249 1850 1559 1946 pauciora
1576 1847 1836 1921 existere
1856 1846 2124 1947 possunt
2141 1852 2208 1921 in
2233 1776 2530 1924 univerAE
2556 1883 2576 1937 ;
2608 1853 2748 1924 imi>

316 1958 422 2037 vel
438 1954 615 2029 nulla
631 1954 736 2026 vel
754 1953 991 2050 aliqua.

421 2060 526 2132 18.
582 2056 805 2150 Atque
845 2050 987 2124 haec
1025 2047 1254 2123 talium
1278 2072 1638 2219 cortporum
1658 2052 2157 2147 generationi&
2177 2048 2591 2152 corruptioni
2613 2048 2745 2123 ob-

315 2161 508 2234 noxia
521 2161 750 2229 natura
770 2150 923 2226 cum
937 2148 1221 2251 specialis
1239 2147 1376 2243 Phy
1402 2173 1514 2221 icae
1528 2147 1877 2249 objestum
1890 2152 1967 2223 sit
1990 2155 2206 2248 (cujus
2230 2158 2471 2230 intuitu
2484 2159 2744 2230 univer..

315 2259 609 2359 salispars
628 2253 821 2328 valde
843 2258 1072 2353 exigua
1087 2253 1214 2329 est,
1251 2247 1411 2350 disp.
1434 2275 1494 2340 3,
1517 2247 1657 2342 fin.)
1697 2248 1852 2322 inde
1875 2244 2239 2349 tanquam&
2254 2257 2506 2354 potiori
2522 2250 2751 2352 Phyfi·

315 2388 396 2436 ca
410 2351 1087 2447 totammalisftiemiae
1107 2347 1359 2424 nomen
1370 2347 1611 2450 adepta
1627 2349 1721 2420 est
1735 2399 1759 2434 ‚
1799 2346 1957 2451 disp.
1989 2380 2018 2442 3
2047 2396 2069 2431 ‚
2095 2357 2310 2425 initio.

425 2488 457 2535 ι
472 2482 535 2545 9.
586 2452 722 2524 Sed
744 2452 1037 2522 nostrum
1076 2452 1166 2521 est
1190 2445 1651 2548 aliquantisper
1674 2447 1890 2520 adhuc
1912 2452 2194 2550 generali
2262 2458 2440 2526 rimae
2456 2458 2751 2528 Materia

320 2559 594 2636 rheoriae
607 2554 944 2622 immorari
968 2599 990 2630 ,
1021 2573 1160 2644 quo
1182 2544 1449 2618 solidius
1464 2545 1770 2620 univerfie
1789 2545 2069 2640 Physicae
2084 2479 2342 2622 conflet
2358 2545 2754 2626 fundamen-

316 2687 483 2737 mm.
552 2657 637 2724 Et
656 2647 898 2721 merito
916 2643 1442 2743 contemplamur
1460 2651 1634 2770 prius
1656 2667 1897 2742 corpus
1914 2643 2244 2715 extensum
2261 2697 2283 2728 ,
2322 2669 2523 2743 prout
2545 2672 2752 2726 unum

311 2753 698 2855 intelligitur
729 2771 930 2846 atque
941 2741 1325 2820 indivisum,
1364 2767 1564 2840 quam
1581 2765 1782 2841 prout
1799 2746 1866 2813 in
1882 2741 2092 2815 multa
2103 2767 2179 2815 ac
2205 2750 2378 2818 varia
2391 2768 2749 2848 corporum

308 2881 557 2970 genera
576 2846 858 2929 divisum
875 2870 953 2922 ac
972 2841 1394 2921 distributum
1411 2837 1858 2944 cognoscitur.

1230 3046 1634 3131 D1s2.
1750 3047 1855 3135 V.

542 3213 862 3331 Spatium
877 3233 1247 3320 nunquam
1261 3227 1598 3284 vacuum.
1652 3194 2121 3304 Univerfhm
2141 3224 2236 3276 ex
2247 3200 2528 3313 tenstem

749 3320 1037 3407 tantiam
1056 3349 1303 3407 unum.
1372 3333 1635 3430 Corpus
1653 3339 1853 3392 omne
1876 3309 2293 3398 dividuum.

316 3535 341 3580 ι
359 3560 380 3581 .
607 3498 774 3577 uod
807 3503 875 3570 in
897 3500 1174 3597 longum
1192 3550 1211 3575 ‚
1246 3490 1452 3564 latum
1476 3496 1545 3560 δε
1564 3481 1969 3588 profundum
1995 3480 2325 3559 extensum
2341 3487 2463 3567 est,
2495 3491 2753 3581 Spatium

618 3625 890 3700 quoque
928 3625 1007 3697 ap
1059 3594 1312 3666 ellatur.
1363 3589 1611 3663 Saltem
1645 3583 1922 3688 spatium
1956 3585 2204 3660 nullum
2222 3583 2353 3659 fine
2377 3585 2754 3661 extenfione

296 3714 538 3784 animo
559 3707 906 3800 concipere
926 3726 966 3771 v
1032 3720 1240 3767 emuS.

406 3835 480 3879 2.
541 3807 808 3904 Corpus
828 3803 1020 3900 igitur
1039 3790 1424 3899 generaliter
1438 3786 1799 3890 spectatum
1823 3793 1890 3857 δε
1907 3790 1951 3857 S
2002 3791 2206 3857 atium
2228 3838 2252 3874 ‚
2296 3790 2454 3884 quia
2477 3784 2755 3874 eandem

300 3906 777 3983 definitionem
809 3896 1058 3972 habent
1080 3950 1102 3982 ,
1140 3917 1362 3967 revera
1385 3914 1525 3965 non
1548 3885 1878 3960 differunt.
2014 3890 2272 3961 ationis
2296 3911 2518 3958 tamen
2543 3884 2760 3955 distin-

299 4013 445 4086 &io
483 4004 614 4085 est,
648 3998 927 4105 quando
961 3992 1290 4075 extensum
1326 3989 1718 4097 generaliter
1721 3994 1973 4161 §nimo
1997 4011 2413 4088 conceptum
2435 3983 2617 4087 spatii
2641 4008 2763 4088 no-

1854 4114 1889 4160 2
2579 4094 2753 4143 mmc
