3391 4418
585 144 693 231 86
1263 138 1326 221 P
1441 164 1506 221 H
1631 165 1709 219 Y·
1807 163 1844 220 s
1972 164 2004 218 1
2125 163 2175 220 c
2234 220 2241 227 ,
2296 161 2369 219 Α

577 282 746 363 pota
771 254 930 329 dura
951 297 973 334 ‚
1003 250 1200 328 veluti
1222 240 1500 337 cultros,
1534 250 1786 353 gladios
1805 296 1827 331 ‚
1869 248 2303 329 adhibentur,
2327 275 2526 350 quem
2548 246 2735 322 usum
2752 275 3026 352 quoque

578 360 879 463 praestant
898 379 1091 425 arena
1111 408 1130 440 ‚
1177 362 1246 424 &
1249 354 1445 449 [miris
1460 358 1907 425 comminutus
1925 398 1949 430 2
1987 379 2124 452 quo
2146 363 2403 453 integro
2428 358 2665 423 vitrum
2687 350 3022 447 finditur.)

634 489 659 532 1
675 488 701 532 1
715 461 918 555 78.Et
942 454 1170 553 figuras
1186 452 1435 524 habent
1451 477 1521 525 ut
1540 452 1894 552 plurimum
1911 453 2286 555 irregulares
2303 463 2372 527 &
2389 451 2933 554 angulosagunde
2953 453 3030 525 fit

585 585 657 633 ut
675 559 808 628 aliae
828 555 1102 652 quidem
1125 554 1261 626 aliis
1278 552 1682 633 incumbant,
1710 551 1827 624 fibi
1851 578 2069 626 tamen
2092 558 2327 626 mutuo
2348 581 2487 626 non
2505 552 3030 637 adhaereant‚nec

584 666 784 733 ctiam
802 652 914 725 nifi
933 652 1103 725 forte
1126 661 1189 725 in
1212 652 1650 726 minutissimis
1669 652 2060 753 quibusdam
2081 659 2337 754 punctis
2372 655 2519 727 vere
2539 652 2596 724 se
2620 660 3028 753 contingant.

698 786 724 830 1
752 782 908 843 179.
967 762 989 846 (
1015 754 1214 828 Unde
1232 754 1493 856 colliges
1515 800 1536 833 ‚
1559 754 1749 852 quod
1769 761 1935 826 inter
1957 762 2254 826 cinerum
2274 754 2640 854 particulas,
2661 753 2902 853 quibus
2918 781 3026 825 vas

599 855 878 954 aliquod
900 854 1206 954 impletur
1227 900 1249 931 ‚
1271 863 1418 954 pori
1441 854 1677 926 dentur
1693 856 1897 953 qudm
1921 855 2210 954 plurimi.
2269 856 2369 926 Est
2387 853 2576 925 fimili
2599 854 2809 927 modo
2832 859 3032 954 patti-

599 955 771 1028 culas
791 981 999 1027 arenae
1019 952 1135 1025 fibi
1156 954 1611 1026 incumbentes
1628 967 1739 1027 aer
1766 957 1864 1027 vel
1887 981 2058 1053 aqua
2078 959 2425 1053 intercipit.
2447 963 2471 1046 )

705 1084 731 1129 1
755 1084 779 1128 1
795 1058 909 1130 80.
966 1054 1146 1129 Cum
1168 1079 1386 1126 autem
1404 1056 1626 1155 postea
1645 1054 1897 1128 validus
1917 1081 1992 1126 ac
2010 1053 2351 1126 diuturnus
2364 1059 2562 1153 ignis,
2585 1050 2659 1123 id
2673 1053 2765 1123 est
2785 1097 2807 1127 ‚
2828 1057 3029 1151 parti·

599 1155 755 1229 culae
777 1160 946 1228 tertii
971 1154 1276 1227 elementi
1295 1209 1314 1241 ,
1351 1160 1674 1227 tenuiores
1688 1155 1809 1227 illis
1830 1153 2259 1231 craffioribus,
2281 1181 2432 1225 cum
2454 1149 2740 1254 globulis
2760 1147 3030 1224 secundi

598 1256 904 1327 clementi
923 1254 956 1324 Ξι
974 1261 1244 1327 materia
1260 1260 1459 1356 primi
1477 1252 1763 1356 abreptae
1784 1309 1807 1343 ‚
1829 1263 1995 1327 circa
2012 1251 2171 1353 ipsas
2190 1255 2532 1326 celerrime
2553 1248 3029 1352 quaquaversus

603 1361 862 1428 moveri
882 1380 1165 1457 pergunt
1191 1407 1210 1434 ‚
1967 1384 1979 1392 ·

701 1459 887 1531 1181.
939 1456 1256 1529 Paulatim
1285 1480 1508 1528 earum
1537 1452 1760 1557 anguli
1788 1479 2148 1527 atteruntur
2182 1461 2252 1527 δε
2271 1450 2637 1553 superficies
2654 1452 3029 1552 laevigantut

599 1557 660 1659 §.
690 1585 716 1648 3
740 1586 764 1631 1
781 1585 849 1629 o.
871 1566 940 1629 δε
962 1552 1134 1627 forte
1157 1560 1353 1627 etiam
1381 1555 1710 1629 nonnullae
1733 1556 2184 1635 infleomntur,
2222 1553 2409 1627 ficuti
2432 1553 2512 1626 de
2538 1551 2674 1627 salis
2692 1553 3031 1655 particulis

600 1681 791 1728 antea
807 1655 1079 1730 diximus
1113 1659 1174 1733 §.
1201 1680 1392 1751 1159.
1411 1652 1547 1752 seq.
2779 1664 2787 1673 '

702 1758 814 1831 1'18
831 1784 893 1827 2.
946 1761 1158 1852 Atque
1189 1756 1279 1827 ita
1312 1754 1446 1826 aliae
1481 1754 1663 1854 supra
1694 1755 1851 1824 alias
1874 1753 2143 1852 oblique
2177 1777 2474 1856 repentes
2505 1754 2868 1828 &fluentes
2891 1778 3030 1831 non

599 1862 858 1959 pumicis
893 1856 1205 1928 duntaxat
1225 1909 1246 1943 ,
1278 1853 1388 1927 sed
1421 1859 1662 1956 exiguis
1709 1852 2092 1953 quibusdam
2124 1852 2580 1956 superficiebus
2613 1850 2736 1926 sese
2771 1860 3032 1926 contin⁴

606 1984 757 2060 gere
788 1961 1122 2057 incipiunt.
2714 1978 2721 1987 ·
2898 1984 2901 1991 ·

707 2083 736 2129 1
753 2083 777 2127 1
794 2064 828 2127 8
849 2084 908 2147 3.
966 2055 1161 2127 Adeo
1184 2079 1255 2125 ut
1268 2081 1390 2126 nec
1411 2059 1572 2128 aie-'ris
1594 2109 1615 2141 ‚
1634 2083 1757 2128 nec
1778 2083 1982 2155 aquae,
2007 2083 2127 2128 nec
2148 2055 2403 2128 alterius
2428 2064 2873 2155 cujuscunque
2893 2082 3033 2128 ma-

604 2161 777 2229 teriae
819 2162 988 2229 tertii
1015 2155 1320 2227 elementi
1339 2156 1667 2257 particulae
1689 2157 1861 2230 inter
1882 2161 2039 2232 tales
2065 2164 2358 2231 cinerum
2378 2164 2451 2231 δε
2472 2156 2670 2232 calcis
2681 2155 3030 2259 particulas

603 2256 1132 2356 intercipiantur,
1175 2256 1747 2354 quemadmodum
1767 2259 1917 2333 alias
1942 2263 2268 2362 contingit
2287 2260 2554 2359 §.1179.
2966 2324 2971 2327 .
3012 2335 3015 2336 γ

715 2356 912 2452 1184.
938 2363 1156 2456 Atque
1173 2355 1326 2428 hinc
1340 2358 1540 2431 existit
1566 2385 1807 2461 corpus
1828 2358 2146 2459 liquidum
2169 2414 2189 2446 ,
2212 2359 2399 2458 quod
2416 2359 2499 2430 ab
2527 2364 2674 2460 igne
2697 2382 3031 2431 remotum

601 2465 674 2532 ὃ(
690 2452 931 2558 frigore
949 2482 1334 2529 concretum
1352 2463 1572 2531 Vitrum
1591 2460 2283 2561 appellatur.Similiter
2298 2487 2481 2558 aquae
2502 2456 3034 2560 particulae,quo‘-
3063 2540 3071 2545 ,

602 2557 773 2630 ῐίεεὲι
801 2564 1066 2630 materia
1089 2558 1318 2632 caelesti
1345 2565 1570 2660 agitari
1593 2559 1912 2642 desinunt,
1924 2568 1990 2632 in
2011 2564 2269 2632 Glaciem
2283 2583 2749 2633 convertuntur
2777 2562 2840 2636 §.
2863 2573 3033 2650 964.

712 2684 742 2732 1
766 2684 788 2729 1
804 2659 920 2760 85.
979 2663 1162 2734 Cum
1194 2661 1350 2733 vero
1370 2686 1552 2757 aquae
1570 2661 1902 2763 particulae
1921 2666 2130 2735 minus
2146 2661 2353 2734 craffae
2369 2658 2491 2732 fint
2508 2657 2838 2761 particulis
2854 2663 3031 2729 cine-

600 2783 748 2830 rum
770 2809 793 2844 ‚
833 2765 971 2830 non
994 2785 1173 2834 tanta
1193 2768 1285 2833 vis
1303 2759 1387 2833 ad
1403 2759 1540 2834 illas
1555 2806 1575 2842 ‚
1615 2788 1853 2861 quanta
1873 2766 1957 2835 ad
1979 2761 2091 2835 has
2106 2760 2442 2863 agitandas
2469 2763 2839 2860 requiritur.
2876 2760 3031 2830 Nec

604 2858 886 2959 proinde
906 2884 1039 2933 tam
1056 2859 1311 2932 remisso
1329 2859 1574 2960 frigore
1592 2886 1758 2960 aqua
1778 2862 2084 2935 consistit.
2768 2892 2779 2899 ·

710 2985 736 3028 1
760 2985 784 3028 1
799 2961 908 3033 86.
966 2967 1224 3031 Vitrum
1256 2964 1450 3055 igitur
1483 2959 1669 3031 valde
1699 2965 1906 3033 durum
1924 2964 2015 3034 est
2049 3014 2069 3046 ‚
2104 2966 2248 3060 quia
2267 2958 2595 3062 particulis
2618 2958 2869 3031 constat
2887 2981 3030 3029 tan-

601 3056 743 3129 tum
782 3056 997 3129 crassis
1032 3068 1097 3129 δι
1122 3054 1615 3140 inflexibilibus‚
1656 3085 1799 3157 quae
1818 3087 1952 3132 non
1972 3059 2374 3132 ramulorum
2390 3065 2638 3132 intextu
2656 3115 2674 3144 ,
2715 3057 3031 3159 quemad-

596 3159 883 3228 modum
920 3164 987 3228 in
1020 3155 1331 3227 mollibus
1362 3162 1723 3259 contingit3
1756 3157 1866 3231 sed
1902 3165 2217 3234 contactu
2246 3156 2383 3231 solo
2401 3163 2843 3258 junguntur&
2865 3184 3025 3255 242.

703 3284 731 3329 1
755 3259 913 3343 187.
965 3260 1054 3327 At
1079 3264 1240 3354 quia
1277 3252 1640 3357 superficies
1658 3313 1680 3344 ,
1716 3255 1946 3332 secund
1959 3267 2066 3334 um
2101 3286 2260 3358 quas
2279 3268 2417 3359 ejus
2438 3262 2767 3361 particulae
2788 3257 2847 3329 se
2864 3263 3029 3330 invi·

601 3384 748 3431 cem
765 3379 1040 3457 tangunt
1059 3410 1079 3440 ‚
1102 3356 1241 3430 lunt
1263 3356 1629 3430 admodum
1652 3352 1916 3440 breves,
1938 3369 2174 3434 vitrum
2196 3385 2467 3458 quoque
2485 3359 2672 3431 valde
2680 3359 2898 3454 fragile
2915 3358 3027 3431 est.

600 3457 949 3557 Multaque
992 3454 1218 3528 mollia
1239 3455 1562 3530 difficilius
1582 3455 1725 3531 fran
1775 3485 1968 3534 untur
1989 3516 2009 3547 ,
2047 3465 2199 3560 quia
2219 3484 2432 3560 partes
2461 3457 2708 3532 habent
2728 3458 2812 3537 fic
2832 3467 3034 3532 inter-

602 3580 803 3631 textas
820 3613 840 3643 ,
880 3583 952 3631 ut
985 3554 1252 3656 separari
1285 3582 1613 3656 nequeant
1636 3488 1772 3632 nilig
1769 3562 2064 3661 pluribus
2081 3587 2302 3634 earum
2327 3560 2592 3632 ramulis
2612 3567 2813 3663 ruptis
2830 3584 3026 3660 atque

600 3656 851 3731 evulfis.
906 3658 1013 3732 Sic
1040 3656 1258 3729 annuli
1291 3661 1356 3728 in
1396 3683 1626 3730 catena
1663 3659 1735 3731 id
1753 3659 2083 3745 efficiunt,
2110 3687 2196 3756 *ut
2216 3658 2401 3734 facile
2424 3661 2701 3762 quidem
2722 3663 2849 3735 huc
2869 3661 3028 3734 illuc

596 3757 1000 3842 inflectatur,
1038 3785 1176 3831 non
1200 3780 1418 3832 autem
1444 3759 1805 3833 divellatur.

704 3886 730 3931 1
756 3886 778 3930 1
796 3863 910 3935 88.
956 3862 1166 3932 Porro
1202 3868 1436 3934 vitrum
1455 3915 1475 3948 ‚
1507 3861 1778 3961 quando
1800 3855 2123 3958 liquidum
2147 3908 2171 3940 ‚
2206 3869 2405 3937 varias
2426 3861 2697 3934 induere
2720 3862 2936 3962 potest
2951 3860 3032 3933 fi-

588 3984 817 4066 guras,
841 3970 913 4035 &c
933 3963 1159 4063 postea
1177 3986 1562 4037 concretum
1584 3969 1820 4048 retinet
1841 3988 1985 4037 eam
2007 3988 2205 4062 quam
2228 3964 2463 4039 ultimo
2485 3961 2698 4034 induit
2720 3965 2780 4039 §.
2806 3987 2842 4029 2.
2857 3966 2972 4032 88.

2676 4090 2703 4137 1
2718 4087 2743 4135 1
2762 4061 2849 4150 89
2862 4111 2881 4136 .
2902 4061 3031 4132 Ea-
