3391 4418
605 141 721 221 94
1259 103 2421 192 strurAa-xo‘
2662 190 2669 195 ,

599 252 818 309 ‚tatem
849 266 879 304 ³
924 216 1209 293 latitudo
1238 217 1330 288 est
1357 211 1760 317 ampliffima.
1836 223 2007 314 Qae
2035 218 2190 292 cum
2222 215 2406 293 nullo
2431 215 2739 291 humano
2766 212 3038 318 ingenio

616 327 944 426 aclaequan‘
980 320 1086 395 vel
1116 317 1438 391 exhauriri
1474 314 1713 419 possit,
1759 316 2092 413 Phyficam
2125 325 2486 396 cai-atione
2519 314 2887 420 perfectam
2920 336 3043 387 nec

620 428 818 507 nobis
839 448 963 498 nec
982 423 1122 495 aliis
1140 423 1538 523 promittere
1551 417 1891 493 audemuS.

1515 606 1598 689 D
1660 634 1787 693 ιε
1848 637 1914 689 1».
2030 605 2207 691 111.

1142 754 1148 761 ’
1233 773 1501 869 Corpus
1522 751 1656 867 effi·
1678 815 1707 858 ‚
1735 760 1833 869 ss
1850 755 2223 868 extenfiam
2243 754 2398 867 effi.

634 959 697 1007 1.
729 941 972 1099 REs
1003 951 1262 1026 corporea
1295 930 1682 1030 generaliter
1710 930 2116 1004 considerata
2145 933 2236 1002 est
2254 958 2351 1003 res
2374 932 2576 1031 longa
2596 982 2631 1013 ,.
2659 925 2790 999 lata
2810 935 3053 1026 &pro-
3120 1004 3125 1009 ,

907 1028 1134 1104 funda.
1188 1035 1498 1129 Cumque
1517 1042 1586 1105 &
1608 1031 2006 1132 longitudini
2026 1029 2309 1105 extensio
2331 1025 2792 1128 quaedaminfit
2809 1080 2832 1114 ‚
2869 1036 2941 1099 &
2962 1027 3060 1097 la-

630 1131 849 1205 titudo
876 1140 946 1205 &
965 1129 1373 1231 profunditas
1399 1130 1839 1205 extensionem
1870 1130 2136 1220 sonent,
2187 1160 2323 1205 uno
2348 1138 2544 1203 etiam
2575 1126 2780 1203 verbo
2814 1152 3059 1228 corpus

632 1228 909 1304 describi
930 1234 1185 1332 potest,
1220 1257 1307 1302 res
1322 1234 1574 1328 extenfh.
2100 1276 2107 1282 -
2202 1260 2207 1269 ·
2461 1287 2466 1292 .

736 1360 800 1406 2.
854 1332 1034 1405 Nam
1061 1361 1106 1406 11
1122 1385 1139 1406 .
1176 1329 1546 1425 hujusmodi
1584 1321 1870 1403 extensio
1907 1331 2255 1405 necessario
2278 1332 2451 1399 alicui
2474 1333 2573 1399 Rei
2589 1328 2876 1400 existenti
2891 1351 3057 1397 con-

635 1437 838 1507 venit.
887 1432 1103 1535 Qod
1127 1437 1300 1502 enim
1320 1434 1563 1503 nonest
1580 1486 1600 1517 ,
1622 1431 1692 1504 id
1708 1440 1933 1531 utique.
1951 1460 2072 1505 nec
2088 1434 2365 1532 longum
2388 1482 2409 1514 ‚
2424 1427 2629 1501 latum
2651 1449 2764 1499 aut
2783 1422 3060 1527 profun-

637 1532 800 1605 dum
831 1534 937 1603 est.
997 1539 1077 1605 Et
1108 1532 1465 1630 quo—modo
1492 1585 1513 1617 ,
1543 1531 1758 1630 quaeso
1783 1587 1804 1615 ,
1837 1534 1943 1604 illa
1971 1541 2086 1606 tria
2112 1579 2134 1609 ‚
2170 1555 2455 1629 quorum
2477 1554 2691 1628 neque
2714 1550 3060 1600 numerum

637 1657 874 1732 augere
897 1687 928 1712 ‚‚
943 1657 1156 1730 neque
1177 1634 1481 1703 ordinem
1501 1656 1752 1705 mutare
1773 1638 2025 1707 animus
2041 1631 2362 1708 humanus
2375 1630 2605 1728 potest·
2627 1634 2652 1720 (
2676 1624 2935 1702 Confer
2949 1651 3064 1726 pa-

641 1727 920 1831 taphras.
941 1733 1130 1804 Med.
1148 1738 1239 1805 V.
1268 1760 1293 1803 1
1317 1758 1338 1800 ι
1356 1758 1426 1818 7.
1453 1759 1476 1803 1
1498 1757 1533 1800 2
1548 1757 1573 1801 1
1590 1781 1608 1799 .
1631 1728 1860 1830 seqq.)
1884 1786 1906 1817 ,
1924 1742 2007 1806 δε
2028 1759 2171 1830 quae
2185 1730 2427 1831 singula
2449 1754 2762 1829 magnum
2828 1724 3065 1800 nielfo-1

642 1855 841 1909 nant,
870 1837 935 1900 in
961 1860 1046 1905 eo
1070 1884 1088 1912 ,
1124 1829 1311 1929 quod
1343 1829 1595 1903 ⁴nullum
1628 1831 1757 1910 est,
1782 1838 2050 1907 inveniri
2085 1832 2280 1905 nobis
2298 1828 2677 1932 persuadere
2697 1856 2793 1931 po
2943 1853 3016 1901 us
3038 1845 3061 1901 ἓ

631 1933 1010 2021 entisnullae
1026 1932 1168 2004 sunt
1181 1929 1544 2028 qualitates.
1920 1992 1929 1999 ,

641 2086 645 2090 Α
748 2059 809 2122 3.
866 2035 1070 2129 Atqui
1092 2059 1153 2101 2.
1175 2028 1457 2102 extensio
1475 2055 1611 2101 non
1625 2038 1939 2105 convenit
1953 2031 2062 2104 ulli
2081 2034 2174 2103 rei
2188 2025 2711 2127 incorporeaeseu
2727 2026 3066 2129 spirituali,

641 2128 753 2204 sed
766 2136 1022 2223 corporea
1031 2131 1160 2226 soli.
1212 2130 1562 2232 chuid
1583 2138 1837 2205 enimin
1850 2160 1917 2205 re
1932 2129 2236 2233 spirituali
2253 2127 2705 2231 cognoscimus
2722 2185 2742 2216 ,
2758 2130 2828 2202 id
2848 2153 3066 2204 totum

619 2229 1165 2312 ‘adjutellestum
1203 2240 1268 2304 &
1311 2232 1715 2306 voluntatem
1750 2231 2043 2307 refertur.
2108 2236 2197 2304 At
2225 2257 2437 2330 neque
2468 2230 2836 2304 intellectus
2853 2258 2935 2303 ne
2987 2258 3068 2304 ue

647 2328 953 2408 voluntas
982 2332 1178 2401 ullam
1213 2330 1698 2433 longitudinem
1719 2359 1829 2407 aut
1847 2332 2264 2407 latitudinem
2287 2358 2396 2405 aut
2411 2260 3073 2433 profunditatemixa-

647 2430 805 2515 bere
821 2428 1255 2535 cognoscitur.
1294 2438 1607 2531 Qntitas
1626 2439 1853 2506 virtutis
1868 2433 2058 2508 rebus
2077 2427 2500 2536 spiritualibus
2518 2432 2915 2520 attribuitur,
2930 2459 3071 2532 quat

649 2536 722 2605 in
756 2530 1052 2635 singulari
1074 2537 1140 2606 vi
1172 2532 1581 2635 intelligendi
1603 2543 1674 2607 &
1695 2535 1985 2610 efficacia
2004 2538 2355 2612 voluntatis
2380 2531 2699 2621 confistit3
2732 2560 2870 2605 non
2886 2557 3073 2626 quan-

648 2639 785 2712 titas
802 2639 960 2707 molis
976 2688 998 2721 ,
1033 2659 1174 2732 quat
1199 2638 1267 2705 in
1295 2633 1745 2736 longitudine,
1776 2637 2118 2712 latitudine
2139 2646 2212 2712 &
2274 2632 2671 2710 refunditate
2695 2631 2807 2707 fita
2827 2634 2940 2705 est.

645 2811 654 2818 f
756 2766 826 2825 4.
877 2735 1175 2831 Extensio
1214 2737 1378 2808 inest
1418 2764 1482 2827 3.
1508 2740 1661 2808 omni
1700 2745 1938 2832 corpori.
2006 2743 2209 2812 Exten
2234 2764 2345 2809 urn
2380 2740 2627 2836 quippe
2653 2741 2724 2808 &
2755 2756 3071 2835 magnum
3160 2779 3163 2782 π

652 2834 764 2903 hic
785 2859 921 2904 non
945 2842 1347 2934 accipiuntur
1364 2839 1745 2936 comparate
1766 2840 1846 2910 ad
1869 2845 2280 2912 contraitum
2305 2847 2374 2911 δε
2397 2862 2709 2936 parvum3
2747 2832 2858 2907 sed
2875 2832 3072 2905 abso-

652 2931 791 3006 lute
809 2983 830 3015 ,
869 2927 999 3011 fine
1014 2957 1203 3003 certa:
1216 2940 1592 3028 quantitatis
1617 2946 1684 3007 δε
1708 2939 2013 3010 mensura:
2032 2945 2297 3011 intuitu.
2347 2939 2614 3036 Nempe
2632 2933 2862 3008 muscae
2882 2933 3069 3033 aeque

657 3058 734 3104 ac
765 3029 1098 3130 elephanti
1127 3027 1228 3102 sua
1254 3033 1640 3131 magnitudo
1672 3044 2022 3137 competit.
2071 3044 2177 3111 Sic
2208 3034 2641 3136 Metaphyfici
2674 3036 2964 3111 docent,
2993 3060 3073 3106 o-
3159 3113 3173 3123 ,

655 3157 811 3203 mne
839 3158 952 3204 ens
983 3130 1103 3204 effi:
1132 3128 1493 3230 perfectum
1514 3187 1535 3219 ,
1561 3133 1715 3208 licet
1742 3139 1946 3210 multa
1964 3137 2084 3210 fint
2102 3165 2245 3238 quae
2260 3137 2392 3229 agiis
2413 3136 2651 3210 collata
2665 3135 3071 3210 hautimme-

652 3231 784 3303 rito
809 3227 1193 3329 imperfesta
1208 3232 1535 3305 dicuntur.
2166 3313 2177 3328 .

757 3354 816 3423 5.
873 3331 1089 3430 Qod
1105 3329 1149 3401 fi
1168 3330 1361 3404 rebus
1381 3332 1704 3433 aliquibus
1719 3336 2072 3438 longitudo
2097 3332 2226 3406 sola
2241 3332 2368 3406 fine
2386 3333 2726 3411 latitudine
2748 3386 2771 3420 ‚
2806 3360 2917 3410 aut
2929 3334 3074 3406 lati-

655 3428 823 3504 tudo
843 3429 970 3503 fine
989 3426 1431 3529 profunditate
1457 3435 1654 3508 tribui
1678 3437 1965 3513 videtur,
2004 3436 2075 3509 id
2099 3432 2382 3508 similiter
2399 3435 2539 3508 fieri
2559 3438 2825 3537 putabis
2847 3438 2951 3512 vel
2976 3435 3072 3510 ob

658 3536 1231 3632 comparationem
1275 3559 1426 3604 cum
1465 3535 1656 3609 rebus
1701 3537 1838 3609 aliis
1855 3592 1877 3623 ‚
1911 3537 2013 3609 vel
2051 3535 2237 3637 quod
2257 3536 2614 3636 aliquando
2637 3535 3075 3614 alterumillo-

656 3657 797 3704 rurn
819 3631 947 3705 fine
969 3633 1173 3706 altero
1200 3634 1607 3708 considerare
1627 3633 1966 3710 soleamus.
2018 3643 2107 3711 Ex
2172 3664 2221 3711 r.
2238 3644 2392 3737 quia
2405 3640 2548 3719 fila,
2622 3640 2732 3720 ili,
2759 3666 2911 3712 acus
2928 3638 3073 3738 plus

654 3729 906 3805 habent
925 3733 1388 3833 longitudinis,
1430 3739 1628 3836 quim
1653 3736 2048 3824 latitudinis,
2086 3665 2339 3837 pictum
2395 3768 2475 3812 ue
2496 3669 2697 3813 [οξτο
2717 3739 3077 3839 illislongi-

652 3833 952 3905 tudinem
990 3834 1394 3938 affignamus.
1444 3843 1534 3913 Et
1560 3845 1855 3938 quamvis
1880 3839 2027 3910 ulna
2046 3838 2190 3910 satis
2214 3866 2321 3910 cra
2372 3868 2408 3911 a
2440 3840 2550 3919 fit,
2592 3841 2815 3912 habita
2851 3863 3076 3910 tamen

651 3937 902 4007 tatione
939 3933 1079 4010 usus
1104 3936 1307 4013 solam
1343 3942 1411 4009 in
1438 3966 1512 4012 ea
1536 3940 2022 4044 longitudinem
2041 3938 2458 4016 attendimus.
2510 3948 2588 4017 ln
2606 3948 2836 4044 jugero
2845 3938 3079 4114 cllongi-

1173 4084 1176 4087 >
2770 4065 2843 4117 tu
2893 4063 3074 4113 mem
