3391 4418
602 164 703 228 ω
1230 138 1292 223 Ρ
1410 164 1472 223 n
1572 163 1838 221 xes*-
1938 162 1980 218 r
2093 148 2416 219 cun·-

686 278 870 347 -302.
921 253 1071 325 Nec
1090 276 1314 325 tamen
1336 277 1570 325 omnes
1596 250 1827 326 mundi
1841 271 2057 353 partes
2071 242 2365 354 globosa
2393 242 2517 321 effi:
2533 241 2803 350 poffunt
2823 299 2846 335 ‚
2880 251 3034 349 quia
3061 342 3064 343 ⁷

606 357 775 427 inter
789 378 897 426 eas
915 352 1325 455 triangularia
1342 351 1543 454 spatia
1564 351 1873 426 darentur
1884 364 2109 425 vacua.
2367 426 2370 431 ,

710 478 797 547 30
813 480 839 544 3
855 507 872 525 .
934 449 1243 553 Denique
1276 450 1623 556 globosam
1655 478 1939 555 corpora
1956 449 2234 551 figuram
2248 449 2531 524 induunt
2550 476 2576 527 2·
2616 450 2772 520 cum
2792 447 3038 522 diutius

607 556 798 625 variis
818 550 1115 626 motibus
1133 555 1717 655 cientursexemplo
1736 578 1972 628 eorum
1989 578 2132 650 quae
2158 575 2528 624 tornantur.
2575 547 2779 626 Unde
2793 553 3033 622 iterum

606 674 812 754 patet,
836 678 1073 752 corpus
1087 652 1364 727 fluidum
1388 656 1426 729 ὲ
1443 654 1732 756 globulis
1747 660 2067 752 componi
2089 650 2293 754 posse.

712 774 872 843 304·
922 761 1355 853 Qaecunque
1384 779 1612 855 praetet
1622 752 1899 858 globosa
1921 808 1943 840 ‚
2000 762 2072 826 δε
2092 750 2400 824 omnibus
2413 749 2628 823 modis
2646 747 3051 849 figurabilia,

608 857 677 922 in
700 849 957 924 mundo
977 879 1260 955 corpora
1286 861 1727 939 inveniuntur,
1770 858 2023 943 ratione
2054 852 2406 952 figurarum
2433 904 2454 936 ,
2505 875 2649 949 quae
2678 854 2817 920 {unt
2846 854 3052 919 innu-.

610 975 843 1033 metat,
892 957 1165 1049 angulata
1185 955 1338 1026 licet
1361 961 1426 1026 in
1444 981 1682 1058 genere
1719 953 2044 1055 appellare
2060 1005 2082 1036 ,
2113 960 2430 1050 quoniam
2469 948 2720 1051 angulis
2736 946 3050 1047 pluribus·

609 1073 724 1122 aut
738 1050 1184 1151 paucioribus,
1213 1053 1677 1154 aliquantisper
1702 1051 1923 1127 saltem
1943 1049 2500 1152 permanentibus,
2530 1054 2977 1122 terminantur.

716 1175 878 1244 305.
932 1156 1201 1251 Horum
1218 1151 1338 1226 effe
1358 1177 1618 1228 motum
1638 1153 1996 1227 tardiorem
2015 1160 2085 1223 &
2106 1150 2311 1252 magis
2329 1148 2720 1252 impeditum
2742 1202 2764 1233 ,
2783 1172 2859 1221 ex
2878 1168 3033 1219 ante

606 1246 794 1322 dietis
810 1250 1030 1324 claret.
1081 1257 1164 1323 Et
1188 1277 1462 1355 propter
1484 1256 1668 1326 istam
1705 1279 1842 1327 tum
1868 1250 2246 1326 tarditatem
2267 1304 2288 1336 ,
2327 1273 2467 1323 tum
2503 1250 2775 1360 figuram
2807 1293 2831 1324 ‚
2888 1273 3036 1346 quat

606 1356 927 1449 permittit
947 1374 1019 1424 ut
1034 1355 1103 1422 in
1122 1351 1337 1451 aliqua
1356 1350 1715 1456 superficiei
1741 1378 1924 1454 parte
1957 1349 2016 1422 se
2040 1357 2426 1451 contingant
2442 1346 2766 1446 ejuimodi
2785 1374 3033 1448 corpo-

470 1518 487 1530 ,
608 1474 718 1529 ra,
754 1445 941 1523 facile
958 1450 1311 1525 cohaerent.
1363 1455 1421 1555 §.
1453 1480 1615 1552 243.
1668 1456 1892 1554 Atque
1922 1456 2017 1523 ita
2041 1447 2126 1520 ad
2143 1447 2703 1550 compositionem
2725 1449 3025 1524 ³aliorum

614 1574 975 1648 colpotum
994 1575 1144 1652 apta
1164 1577 1315 1626 nata
1332 1554 1498 1628 sunt.

1211 1748 1492 1841 VIII.
1612 1704 2029 1864 adsperunr
2062 1751 2156 1845 ό·
2197 1760 2452 1837 Lem

668 1954 826 2037 306.
847 1950 1011 2110 R
1029 1948 1273 2018 Arione
1321 1945 1544 2046 figurae
1589 1954 1664 2018 δε
1707 1943 1858 2019 fitus
1906 1952 2188 2048 partium
2239 1922 2652 2045 potiffimum
2708 1942 2991 2021 exterioris
3007 1997 3031 2033 ,

1033 2047 1097 2120 §.
1121 2071 1278 2133 ¹07·-
1330 2069 1573 2143 corpus
1610 2044 2019 2147 distinguitur
2050 2051 2120 2117 in
2141 2043 2435 2144 asperum
2455 2054 2525 2116 δι
2555 2042 2734 2116 laeve.
3043 2104 3048 2111 .

717 2166 878 2232 307.
930 2142 1234 2239 Asperum,
1282 2132 1619 2233 scabrum,
1648 2166 1868 2246 partes
1897 2144 2098 2218 habet
2122 2149 2190 2218 in
2214 2141 2545 2246 superficie
2579 2146 3042 2242 prominentes·-

611 2238 797 2318 alias,
812 2238 963 2314 alias
981 2241 1325 2344 depreffas.
3035 2303 3042 2308 .

611 2438 657 2512 s
719 2348 879 2434 308.
926 2356 1122 2421 Lare,
1144 2344 1432 2445 politum
1454 2394 1477 2428 ,
1511 2367 1727 2442 partes
1758 2343 1997 2444 quibus
2032 2347 2415 2418 terminatur
2449 2341 2653 2415 habet
2693 2345 3025 2441 aequaliter

639 2464 780 2514 itas·
1350 2509 1357 2516 .
1492 2515 1503 2525 ,
2675 2523 2682 2533 ,

716 2566 875 2632 309.
924 2547 1138 2615 Laevia
1170 2548 1369 2646 igitur
1402 2546 1640 2616 intuitu
1669 2544 2064 2648 superficiei,
2105 2548 2232 2648 §.2
2249 2566 2360 2633 17.
2430 2543 2515 2617 ad
2568 2570 2604 2615 a
2652 2540 2900 2615 endum
2950 2537 3044 2615 &ss

608 2637 1029 2718 resistendum
1053 2670 1091 2714 a
1139 2649 1311 2718 tiora
1339 2639 1769 2745 suntasperis.
1836 2648 2097 2720 Confer
2115 2645 2356 2719 fertum
2384 2652 2455 2717 δε
2475 2572 3052 2743 fimffiaimpolita'

604 2741 711 2816 vel
744 2750 1018 2846 aerugine
1038 2773 1082 2818 o
1135 2743 1331 2819 ducta
1349 2789 1373 2824 ‚
1402 2767 1552 2817 cum
1569 2746 1794 2847 politis
1817 2755 1890 2821 δε
1909 2744 1990 2819 ab
2011 2754 2289 2848 aerugine
2303 2742 2626 2917 liberis.‘§.
2663 2770 2689 2814 1
2707 2767 2753 2812 0
2768 2769 2832 2816 2.
2883 2740 3036 2814 Pila·

604 2840 645 2911 ὲ
667 2839 805 2913 laevi
825 2852 1121 2941 corporis
1133 2844 1281 2916 duri
1300 2843 1635 2940 superficie
1651 2847 1912 2946 longius
1931 2849 2129 2945 quam
2144 2846 2229 2918 ab
2244 2842 2458 2947 aspera
2474 2871 2541 2918 re
2571 2845 2690 2918 ilit.
2748 2844 3029 2944 Corpo-

601 2963 751 3012 tum
771 2945 839 3009 in
853 2940 1077 3040 glaciei
1095 2941 1296 3038 quam
1317 2965 1500 3012 terrae
1520 2941 1850 3041 superficie
1871 2970 2094 3018 motus
2123 2943 2401 3017 facilior.
2680 3015 2687 3026 ,
2711 3024 2718 3034 ,

707 3066 737 3128 3
758 3063 868 3112 ιο.
998 3039 1307 3112 uomodo
1343 3038 1502 3110 veto
1535 3065 1773 3116 mutuo
1793 3049 2014 3115 attritu
2043 3069 2326 3142 corpora
2359 3040 2438 3113 as
2469 3067 2575 3114 eta
2604 3043 3023 3144 laevigentur',

603 3046 1139 3215 ostenduntQTgrti
1161 3139 1569 3237 aliorumque
1588 3165 1946 3241 corporum
1967 3141 2258 3241 politura
2272 3197 2295 3222 ,
2327 3071 2533 3216 raAEra
2543 3150 2742 3242 panni
2762 3198 2784 3231 ‚
2831 3141 3054 3244 lapil-

599 3235 820 3310 lorum
834 3241 1124 3334 inssfluviis
1141 3239 1481 3344 laevigatio.
1538 3247 1636 3313 Ita
1656 3267 1773 3315 cos
1792 3247 1962 3314 acuit
1978 3242 2286 3315 cultrum.

706 3366 735 3431 3
758 3367 786 3414 1
802 3364 829 3410 1
842 3392 861 3413 .
904 3340 1239 3414 Particulae
1257 3384 1280 3417 ‚
1323 3364 1468 3439 quae
1486 3337 1810 3441 ejusmodi
1825 3346 2051 3415 attritu
2068 3339 3013 3443 abraduntur‚.propemodum

600 3465 837 3513 omncs
852 3440 1041 3513 valde
1062 3464 1289 3514 tenues
1306 3448 1380 3514 δε
1397 3447 1664 3517 minutae
1676 3440 1842 3528 sunt,
1864 3466 1937 3515 ut
1951 3448 2018 3514 in
2036 3439 2234 3541 scobe
2247 3440 2634 3527 &limatura
2648 3439 2797 3516 fetri
2809 3465 3015 3546 patet.

593 3545 781 3612 Dum
801 3541 1006 3614 culter
1025 3545 1276 3614 acuitur
1299 3539 1401 3612 vel
1420 3544 1737 3642 paulatim
1754 3540 1866 3618 usu
1879 3552 2103 3617 teritur
2122 3597 2146 3630 ‚
2190 3542 2766 3641 quemadmodum
2781 3555 2864 3619 δε
2884 3542 3017 3618 cal-

593 3643 694 3715 cei
730 3667 807 3712 ac
820 3641 1198 3715 vestimenta
1227 3641 1477 3740 reliqua
1496 3695 1519 3729 ,
1555 3643 1913 3743 quodinde
1934 3642 2270 3716 abraditur
2293 3642 2385 3716 ob
2407 3642 2768 3724 exilitatem
2792 3642 2872 3717 fit·
2909 3651 3020 3730 ius

591 3770 733 3818 non
748 3766 1037 3844 apparet.
1089 3749 1263 3846 Qae
1276 3746 1501 3814 omnia
1524 3747 1947 3838 particularum
1966 3745 2298 3842 insensth‘um
2325 3753 2399 3820 &
2415 3672 3044 3820 mecanica.-

596 3854 754 3921 tiam
772 3840 1082 3947 probant.
1129 3844 1191 3943 §.
1219 3869 1377 3933 ²41·
1400 3868 1561 3938 250.
1586 3840 1769 3945 seqq.
1897 3891 1902 3894 -
1981 3915 1999 3930 ,,
2643 3869 2656 3878 ’
2715 3868 2722 3874 ·
3025 3929 3032 3938 .

697 3973 726 4042 3
750 3974 776 4021 1
792 3971 857 4020 2.
906 3949 1223 4048 Qorum
1239 3968 1598 4047 corporum
1611 3942 1979 4050 superficies
1992 3940 2170 4048 quasi
2195 3947 2486 4022 ramulos
2504 3936 2824 4042 quosdam
2845 3944 3014 4014 emi-

707 4070 713 4075 ’
1682 4107 1687 4114 ,
1779 4093 1786 4100 -
1817 4052 1827 4070 “
2787 4066 3017 4121 nentes
