3391 4418
651 183 764 268 64
1260 162 1330 247 Ρ
1419 182 1516 247 Ἠ
1552 180 1561 191 ’
1632 194 1688 249 r
1815 190 1851 249 s
1975 192 2005 246 1
2127 187 2192 246 c
2306 190 2365 248 A

643 277 714 351 su
763 271 991 349 etioris
1020 272 1396 378 fragmenta
1436 331 1456 363 ,
1494 274 1609 347 fibi
1636 279 1872 353 mutuo
1897 277 2297 374 adjacentia,
2329 284 2400 347 δι
2428 273 2623 347 ficum
2655 299 2857 375 quem
2883 281 3064 378 prius

636 305 1010 457 ‘hazuerant
1028 375 1365 462 servantia,
1385 376 1700 476 capienda
1715 395 1853 452 non
1874 377 2019 450 satis
2035 377 2164 448 lata
2182 373 2354 446 foret
2380 424 2400 457 ,

749 484 916 572 870.
966 476 1297 576 Qaedarn
1320 501 1395 549 ex
1411 475 1557 578 ipsis
1579 484 1644 549 in
1662 477 1831 551 latus
1863 480 2165 550 inclinata
2199 473 2338 548 sunt
2354 476 2612 575 aliaque
2631 481 2701 547 in
2719 474 2848 547 alia
2877 501 3065 550 recu-

540 606 543 613 *
646 576 880 647 buere.

754 685 843 771 87
863 701 887 747 1
901 728 919 747 .
973 680 1053 746 Et
1074 701 1238 773 aqua
1261 671 1373 748 sub
1390 677 1526 748 aliis
1548 675 1819 774 quidem
1836 702 2016 750 terrae
2041 674 2375 776 superioris
2395 668 2773 777 fragmentis
2796 673 3026 748 manfit
3039 729 3063 764 ‚

650 799 719 847 at
756 783 939 874 iupta
953 777 1078 845 alia
1095 774 1401 847 aseendit.
3031 842 3038 849 ,

632 940 657 963 ‚
749 881 916 969 872.
964 878 1143 945 Hinc
1180 881 1245 945 in
1269 901 1433 947 terra
1467 875 1838 947 exstiterunt
1859 873 2013 945 alibi
2032 879 2231 946 maria
2259 880 2462 976 magis
2483 870 2765 945 minusve
2787 870 3071 972 profun-

652 972 774 1056 da,
819 971 973 1044 alibi
995 1000 1379 1074 camporum
1403 974 1725 1074 planities,
1742 974 1896 1044 alibi
1915 998 2198 1060 montes,
2218 972 2379 1062 saxa,
2401 972 2645 1074 scopuli
2665 1026 2688 1058 ,
2723 981 2856 1045 &c.
2889 974 3064 1047 adeo

654 1095 726 1148 ut
744 1069 1035 1174 perfedte
1058 1071 1360 1174 sphaerica
1381 1073 1567 1145 tellus
1583 1072 1706 1144 effe
1724 1101 1861 1146 non
1874 1077 2192 1174 potuerit.
3084 1095 3088 1098 ’

757 1182 926 1270 873.
979 1176 1163 1246 Num
1186 1177 1343 1247 vero
1362 1172 1714 1272 descriptus
1742 1171 2054 1245 hackenus
2075 1198 2268 1271 atque
2302 1171 2386 1243 ad
2404 1176 2686 1245 Terram
2721 1169 2921 1244 solam
2950 1194 3070 1241 ac·-

655 1273 1122 1346 'commodatus
1157 1273 1594 1375 generationis
1629 1272 1912 1351 modus,
1943 1280 2136 1344 etiam
2175 1277 2250 1343 ad
2276 1274 2612 1354 planetas,
2646 1275 2938 1375 inprimis
2978 1269 3069 1340 ad

641 1374 890 1474 Jovem
933 1384 961 1466 (
984 1380 1094 1473 qui
1114 1374 1272 1446 haut
1296 1369 1468 1445 secus
1486 1397 1563 1443 ac
1581 1375 1788 1444 Terra
1809 1397 1998 1444 motu
2019 1375 2281 1445 vorticis
2311 1371 2397 1442 sui
2419 1372 2659 1445 diurno
2677 1384 2846 1445 circa
2877 1390 3069 1440 axem

642 1472 838 1545 ⁴litum
854 1481 1252 1547 convertitur
1266 1473 1649 1571 dierumque
1679 1473 1963 1574 proinde
1996 1480 2067 1546 &
2106 1478 2403 1561 nodkium
2437 1474 2930 1547 viciffitudinem
2950 1465 3072 1538 ha-

660 1569 774 1640 bet
795 1622 816 1655 ‚
837 1573 898 1673 §.
922 1579 1128 1667 688.)
1184 1576 1372 1670 aeque
1395 1575 1702 1672 applicari
1737 1572 1976 1646 debeat
2001 1618 2023 1654 ,
2051 1572 2122 1645 id
2142 1572 2280 1644 aliis
2298 1570 2846 1648 confiderandum
2875 1567 3072 1688 relin-

661 1694 828 1769 que,
846 1672 904 1768 §.
932 1699 970 1769 7
984 1696 1013 1764 5
1031 1685 1097 1742 6.
1119 1671 1293 1770 seqq.

884 1859 1251 1965 XXI-V.
1291 1884 1515 1974 Ait,
1548 1816 1798 1985 Vepor,
1817 1887 2119 1975 Ventus,
2150 1871 2450 1984 Rubes,
2494 1872 2795 1981 Qbulae
2822 1932 2853 1977 ‚

1514 1987 1737 2088 Color,
1760 2006 2014 2088 Sonus,
2033 1992 2238 2071 odor.

715 2181 888 2269 874.
909 2186 1044 2362 E
1093 2178 1312 2250 Distis
1336 2172 1712 2277 intelligitur
1755 2229 1776 2262 ,
1827 2182 2028 2248 Ab'rem
2045 2171 2165 2249 esse
2202 2184 2579 2278 congeriem
2609 2173 3076 2278 particularum

1075 2277 1247 2350 tertii
1269 2275 1572 2349 elementi
1591 2275 1759 2348 adeo
1785 2283 2076 2348 tenuium
2102 2283 2171 2348 ὅ(
2191 2276 2228 2349 ὲ
2245 2274 2301 2349 se
2320 2281 2554 2351 mutuo
2573 2278 3073 2370 disjunCtarum‘,

662 2413 667 2422 ⁴
761 2377 926 2474 875.
981 2375 1165 2472 (Nifi
1194 2381 1373 2449 enim
1403 2379 1680 2475 disjuncta
1702 2374 1941 2455 essent,
1978 2377 2288 2451 exteriori
2304 2382 2523 2452 Tertae
2542 2380 2761 2452 crustae
2791 2386 2928 2477 jam
2948 2375 3077 2448 du-

660 2472 817 2546 dum
840 2476 1262 2561 a‘dhaestss'ent,
1285 2478 1398 2577 §.8
1418 2502 1445 2571 5
1470 2484 1562 2556 14)

656 2599 665 2604 “
762 2579 930 2665 876.
977 2581 1080 2656 Ut
1092 2576 1382 2653 moribus
1400 2574 1795 2676 quibussibet
1812 2576 2238 2679 globulorum
2255 2578 2638 2660 coelestium,
2662 2602 2949 2676 quorum
2971 2578 3075 2648 in-

658 2703 816 2787 gens
832 2685 901 2754 in
923 2688 1069 2756 ae‘re
1088 2687 1280 2784 copia
1302 2725 1323 2760 ,
1356 2675 1796 2776 obsequantur
1815 2677 2009 2777 (Alitis
2028 2686 2203 2752 enim
2226 2678 2527 2782 depreffae
2545 2676 2822 2755 fuissent,
2841 2678 2989 2778 §.83
3013 2702 3073 2749 1.
3139 2777 3145 2782 ἱ

656 2784 936 3049 ῒς8)77.
986 2881 1207 2974 Atque
1226 2875 1263 2945 ὲ
1283 2881 1569 2950 minutiis
1589 2874 1932 2974 cujussibet
1957 2875 2181 2983 figurae
2201 2877 2379 2979 poffe
2400 2883 2767 2981 componi,
2814 2876 2879 2977 §.
2901 2877 2940 2955 8
2959 2902 2985 2966 3
3004 2886 3072 2948 6.

686 3001 846 3162 “lg
863 3076 929 3174 8.
979 3071 1614 3174 anquamramossae
1631 3073 1713 3144 ad
1730 3080 1944 3146 a'e‘rem
1961 3104 2112 3147 com
2166 3075 2502 3149 onendurn
2523 3072 2895 3180 aptiffimae,
2914 3074 3072 3146 cum
3121 3143 3128 3152 .

658 3174 983 3248 leviffimae
1003 3175 1126 3247 sint
1160 3178 1316 3247 &in
1339 3177 1608 3262 materia
1625 3176 1869 3246 coelesti
1895 3176 2126 3277 plumu
2154 3203 2336 3249 atum
2359 3177 2551 3248 instar
2567 3176 2785 3252 volare
2803 3173 3075 3276 poffint.

660 3289 722 3369 §⁰
746 3286 872 3461 ²'867‘5
869 3401 938 3462 9
990 3372 1464 3475 Distinguimus
1477 3398 1698 3446 tamen
1715 3376 1885 3445 inter
1914 3376 2171 3445 nativam
2202 3383 2269 3447 δε
2299 3378 2700 3474 primitivam
2731 3382 2890 3449 ae'ris
2921 3373 3076 3446 sub-

664 3479 956 3552 stantiam
974 3528 996 3558 ‚
1032 3499 1176 3571 quae
1197 3479 1234 3545 εὶ
1248 3480 1573 3577 principio
1592 3472 1827 3548 mundi
1847 3476 2076 3547 exstitit
2091 3521 2114 3553 ,
2151 3475 2369 3588 estque
2389 3475 2751 3548 tenuissima
2776 3487 2847 3549 ὃ(
2865 3473 3076 3576 puris-

660 3577 924 3756 fimgago·
975 3678 1054 3745 Et
1081 3676 1505 3761 adventitiam,
1540 3699 1685 3774 quae
1720 3698 1794 3744 ex
1827 3672 2100 3748 effluviis
2121 3672 2396 3746 aliorum
2417 3689 2774 3772 corporum
2795 3681 2980 3748 variis
2999 3683 3076 3747 δε

652 3776 798 3847 'alio
848 3796 1045 3872 atque
1086 3772 1215 3845 alio
1255 3775 1413 3848 loco
1460 3774 1563 3850 vel
1599 3797 1900 3874 ternpore
1936 3773 2072 3849 aliis
2112 3775 2386 3849 constat.
2468 3776 2779 3877 Exempla
2809 3774 3017 3847 habes
3045 3828 3069 3862 ,

654 3895 696 4005 ’5
746 3901 921 4054 289891.
978 3975 1159 4047 Hinc
1181 3980 1307 4048 a&
1336 3981 1505 4073 purus
1536 3970 1831 4058 censetur
1860 3971 2081 4078 ptimo
2115 3976 2361 4077 aebfivtme'
2391 4029 2414 4066 ‚
2462 3975 2619 4052 cittn
2657 3972 2921 4049 effluvia
2959 3971 3076 4045 illa

652 4085 679 4098 ‘'
2932 4095 3074 4148 tarn
