3391 4418
1120 138 1192 225 Ρ
1263 164 1331 226 Η
1407 171 1468 226 Y
1552 171 1589 229 s
1681 173 1712 228 r
1797 167 1857 229 c
1925 170 1984 232 A
2089 145 2153 232 1.
2690 175 2742 243 9
2762 180 2792 233 r

362 262 542 341 'mini
560 315 583 351 ,
615 280 692 334 ut
713 251 875 330 cum
909 252 1220 330 dominus
1250 251 1566 356 quispiam
1586 258 1787 360 pluris
1805 256 1965 332 facit
1984 282 2227 358 equum
2252 250 2433 331 suum
2455 254 2657 357 quim
2678 257 2800 335 ser-

365 392 555 447 vum,
597 370 668 434 &
699 357 876 430 hunc
903 355 1150 430 mavult
1178 359 1376 456 quam
1410 358 1592 451 illum
1619 360 1893 462 perdere
1913 415 1935 448 ,
1969 359 2158 460 quod
2193 358 2300 431 ille
2340 366 2664 458 majorem
2680 359 2795 463 ipsi

359 467 727 540 ‘utilitatem
748 483 860 532 aut
884 457 1298 560 voluptatem
1316 461 1596 558 praestet.

472 591 541 656 9.
590 569 814 661 Atque
843 560 1165 661 posterior
1200 556 1339 631 haec
1373 558 1656 662 dignitas
1690 562 2211 637 commodavitae
2228 561 2631 661 quotidianae
2651 559 2793 665 spe-

365 671 547 740 &ans
564 719 586 752 ,
611 661 1034 764 intelligenda
1062 668 1241 735 venit
1258 715 1278 745 ‚
1315 662 2078 765 cumJurisprudentia'&
2100 665 2434 736 Medicina
2459 664 2789 768 digniores

359 764 777 863 Philosophia
807 760 1208 860 judicantur.
1263 766 1598 836 Homines
1634 770 1811 838 enim
1836 775 2045 863 majus
2067 769 2135 836 in
2157 769 2337 837 terris
2361 765 2787 837 nihilhdbent

359 876 491 943 vita
510 924 528 952 ,
562 864 827 937 sanitate
847 889 922 934 ac
946 862 1138 936 bonis
1155 868 1429 935 externis
1454 916 1477 949 ,
1513 869 1749 962 quibus
1770 866 2008 939 calicet
2024 862 2422 959 conservare.
2476 868 2673 964 Atqui
2695 864 2781 937 eo

357 969 635 1043 maxime
653 971 980 1068 pertinent
994 965 1121 1035 istae
1140 960 1476 1035 facultates
1494 1018 1516 1048 ‚
1538 988 1614 1035 ut
1629 966 1766 1039 haec
1784 964 1938 1040 sarta
1961 971 2134 1038 testa
2156 962 2352 1037 nobis
2370 989 2696 1050 maneant,
2713 974 2784 1036 δε

357 1070 440 1143 ab
455 1073 703 1167 injuriis
723 1061 1211 1162 quibuscunque
1236 1063 1596 1134 commoda
1620 1077 1689 1140 &
1711 1068 1870 1166 justa
1891 1069 2144 1138 ratione
2167 1061 2622 1137 defendantur.

459 1196 575 1244 ιο.
626 1175 724 1237 At
741 1170 916 1233 enim
933 1213 952 1238 ‚
995 1167 1251 1259 inquiat
1270 1160 1499 1259 aliquis
1519 1214 1539 1245 ,
1569 1166 1682 1259 qui
1706 1167 1970 1267 possunt
1990 1165 2087 1236 hae
2107 1162 2454 1263 disciplinae
2477 1188 2784 1233 commo-

355 1269 519 1345 dum
539 1266 840 1335 humanae
858 1257 1146 1351 societati
1165 1258 1370 1330 ullum
1387 1258 1725 1349 conferre,
1751 1266 1941 1360 quod
1962 1289 2102 1333 non
2117 1262 2403 1345 debeant
2419 1266 2490 1331 iis
2510 1314 2530 1344 ,
2552 1266 2617 1330 in
2639 1264 2784 1357 qui-

357 1368 485 1436 bus
508 1362 799 1432 radicem
816 1384 889 1427 ac
904 1360 1187 1456 stipitem
1208 1356 1483 1435 habent,
1503 1384 1846 1459 acceptum
1867 1359 2097 1431 referre
2115 1380 2138 1431 2
2159 1354 2588 1458 Respondco,
2610 1356 2785 1429 bunc

362 1462 485 1534 eise
528 1482 786 1529 morem
814 1454 1196 1527 hominibus
1214 1449 1603 1524 familiarem
1626 1508 1646 1541 ,
1680 1482 1753 1528 ut
1770 1457 1930 1529 illud
1947 1456 2357 1555 potissimitm
2375 1454 2787 1528 considerent

365 1566 529 1632 &in
554 1560 772 1656 pretio
793 1554 1080 1626 habeant
1098 1607 1120 1639 ,
1163 1555 1201 1628 ὲ
1220 1580 1359 1651 quo
1379 1558 1677 1653 proxime
1699 1566 1769 1630 &
1788 1555 2019 1629 nullius
2036 1555 2290 1629 alterius
2307 1563 2672 1629 interventu
2694 1558 2786 1626 rei

363 1679 595 1730 manat
625 1654 884 1727 utilitas.
940 1662 1038 1727 Ita
1072 1655 1268 1726 flores
1287 1662 1356 1726 &
1379 1650 1625 1727 fluetus
1644 1676 1866 1728 amant
1887 1662 2242 1757 magnique
2264 1653 2544 1744 faciunt,
2578 1655 2663 1729 de
2683 1681 2786 1728 ra-

365 1757 514 1830 dice
534 1812 555 1840 ‚
599 1753 683 1826 de
725 1753 913 1826 succo
934 1809 954 1840 ‚
999 1780 1196 1853 quem
1234 1778 1397 1826 terra
1435 1752 1702 1855 largitur
1724 1811 1745 1843 ,
1784 1756 1869 1829 de
1890 1754 2040 1829 solis
2060 1756 2206 1829 luce
2222 1766 2292 1831 δέ
2315 1756 2602 1829 efficacia
2622 1811 2643 1844 ‚
2680 1780 2788 1829 ut-

356 1882 524 1960 pote
559 1853 1020 1928 remotioribus
1059 1856 1297 1927 florum
1341 1863 1412 1928 &
1440 1851 1774 1929 fructuum
1802 1902 1824 1939 ‚
1862 1883 1938 1929 ac
1950 1856 2238 1959 proinde
2255 1857 2781 1932 commodorum

351 1968 423 2033 δι
455 1955 867 2057 voluptatum
900 1954 1057 2027 inde
1083 1958 1610 2055 provenientium
1635 1954 1861 2042 causis,
1902 1968 1974 2032 δε
1998 1960 2553 2061 principiismagis
2576 1981 2782 2057 gene-

351 2055 635 2135 ralibus,
679 2082 906 2156 parum
925 2061 1316 2155 cogitantes.
2392 2121 2399 2125 .

459 2184 487 2232 1
512 2183 535 2228 1
550 2203 569 2224 .
621 2156 959 2230 Postremo
977 2155 1276 2242 tandem,
1299 2152 1344 2226 fi
1360 2182 1508 2229 vera
1528 2153 2113 2234 naturalis-philost,
2165 2158 2270 2233 hia
2290 2186 2370 2234 an
2380 2183 2442 2233 te
2458 2158 2595 2231 haee
2611 2181 2780 2231 tem-

399 2284 517 2332 ora
549 2261 762 2330 minsis
803 2262 1070 2359 cognita
1092 2282 1298 2357 atque,
1322 2256 1571 2329 exculta
1591 2255 1719 2329 fuit
1740 2307 1763 2343 ‚
1802 2265 1873 2329 &
1899 2257 1944 2329 fi
1964 2263 2041 2332 M
2048 2187 2303 2334 edicina
2325 2260 2779 2359 quodcunque

348 2286 520 2430 boni
552 2354 783 2438 habuit
813 2384 952 2429 non
982 2383 1060 2430 ex
1084 2358 1204 2430 illis
1225 2411 1246 2443 ,
1298 2383 1439 2455 quae
1472 2363 1539 2429 in
1576 2353 1842 2431 Scholis
1863 2357 2143 2456 Phyfieis
2163 2361 2257 2433 fre
2309 2358 2781 2442 mutabantur,

347 2455 897 2555 disputationibus
911 2455 1281 2543 haufit3sed
1298 2458 1522 2555 potius
1544 2453 1626 2526 ab
1649 2461 2044 2554 experientia
2066 2469 2138 2533 δε
2157 2462 2249 2532 ob
2276 2466 2634 2541 etvatione,
2659 2481 2784 2526 nec

349 2581 497 2631 non
531 2579 761 2626 eorum
781 2552 1024 2652 scriptis
1038 2608 1063 2642 ‚
1096 2560 1210 2651 qui
1235 2552 1554 2650 ejusmodi
1574 2552 2084 2653 philosophandi
2108 2565 2278 2629 viam
2303 2583 2639 2652 nunquam
2662 2560 2783 2626 tri-

343 2682 508 2732 vere
527 2685 548 2742 3
576 2652 740 2753 quid
757 2659 993 2723 mirum
1013 2703 1031 2729 ,
1058 2651 1103 2722 fi
1123 2649 1543 2748 Philosophia
1565 2652 1874 2722 naturalis
1890 2660 2160 2723 minoris
2178 2654 2493 2726 haetenus
2508 2654 2781 2723 aestima-

339 2782 418 2833 ta
436 2803 461 2837 ,
479 2781 693 2854 neque
715 2759 806 2824 ita
822 2805 845 2838 ,
872 2776 946 2822 ut
965 2774 1236 2852 oportet
1256 2804 1278 2836 ,
1301 2775 1453 2822 cum
1471 2770 1605 2822 arte
1621 2747 1892 2824 Medica
1911 2748 2361 2852 copulata-fuit
2380 2768 2401 2823 Ξ
2848 2747 2856 2755 ’

459 2883 486 2928 1
505 2884 568 2930 2.
599 2853 764 2930 ‘ubi
790 2858 1222 2951 inceperimus
1241 2857 1307 2921 in
1330 2874 1547 2923 rerum
1570 2875 2037 2952 corporearum
2067 2851 2308 2926 viribus
2328 2859 2400 2924 &
2427 2844 2654 2923 natura
2676 2856 2778 2923 in-

343 2955 673 3059 dagandis
694 2951 1077 3027 clarioribus
1094 2957 1186 3025 uti
1203 2955 1559 3054 principiis,
1584 2978 1869 3053 quorum
1890 2962 1959 3026 &
1977 2959 2314 3026 veritatem
2333 2956 2500 3025 ratio
2516 2951 2780 3026 Mathe-

342 3063 592 3131 marica
624 3053 864 3157 probet
882 3108 903 3140 ,
942 3061 1014 3125 δε
1056 3052 1413 3124 efficaciam
1432 3078 1597 3127 artes
1613 3051 2019 3128 Mechanicae
2037 3052 2484 3126 demonstrent
2504 3104 2527 3140 ,
2559 3053 2683 3123 alia
2704 3060 2777 3126 δε

338 3157 633 3232 meliora
651 3159 879 3229 omnia
902 3151 1217 3256 speranda
1236 3176 1445 3227 erunt.

1208 3338 1291 3421 D
1353 3374 1386 3428 1
1445 3332 1482 3424 s
1541 3371 1606 3428 ι».
1739 3340 1862 3425 ῙῘ.

409 3493 716 3609 Phystcae
735 3498 1054 3611 definitio
1076 3550 1097 3588 ‚
1130 3495 1476 3579 certitudo
1496 3549 1525 3592 ,
1558 3439 1838 3574 utilitas
1864 3558 1880 3588 ,
1904 3487 2332 3597 jucunditas
2355 3541 2377 3583 ,
2410 3484 2699 3591 divissa.

339 3707 371 3755 1
389 3728 411 3748 .
599 3670 794 3771 HJfica
817 3670 905 3742 est
922 3667 1176 3775 scientia
1193 3693 1407 3739 rerum
1432 3666 1839 3739 naturalium.
1909 3663 2113 3778 Unde
2136 3669 2204 3734 &
2228 3655 2651 3828 Philosqphia
2677 3684 2784 3731 na-
2844 3755 2848 3759 Δ

609 3774 809 3843 taralis
840 3769 1110 3842 dicitur:
1158 3766 1457 3839 distincita
1493 3766 1529 3837 al
1554 3769 1976 3863 stipernaturalt
2009 3762 2113 3833 seu
2143 3756 2459 3859 Metaphy
2488 3785 2626 3845 ica,
2660 3760 2785 3831 &a

329 3875 627 3953 rationali
650 3869 755 3943 seu
774 3876 1056 3972 Logica‚
1089 3894 1213 3939 nec
1238 3895 1375 3941 non
1396 3869 1432 3941 εὶ
1456 3872 1658 3939 morali
1678 3861 1784 3938 seu
1796 3867 2112 4039 Hradtica.
2164 3911 2178 3934 .
2301 3888 2304 3891 ’

442 4001 524 4050 2.
564 3984 808 4045 Natura
837 3977 993 4048 vero
1027 3967 1067 4042 εὶ
1101 3967 1428 4044 nascendo
1447 3967 1599 4040 cum
1621 3992 1791 4069 appe
1844 3992 1988 4040 etur
2006 4019 2028 4055 ,
2058 3990 2158 4038 res
2175 3959 2517 4128 naturalesi
2520 3957 2784 4055 proprie

1703 4072 1790 4145 M
1851 4098 1888 4144 2
2077 4101 2093 4105 -
2518 4071 2782 4131 centur,
