3391 4418
963 94 1687 186 PHYs1cA
1800 96 2189 201 XVIII·
2648 134 2796 214 175

356 216 428 294 so
449 271 473 300 ,
504 239 668 317 ergo
704 211 905 286 etiam
923 215 994 283 in
1008 209 1270 314 lingulis
1288 215 1424 308 ejus
1436 208 1736 313 partibus
1753 266 1772 298 ,
1811 238 1921 287 aut
1949 241 2107 287 veto
2123 219 2309 290 Deus
2323 207 2616 316 tespeQu
2630 222 2805 299 Uni?

352 315 520 393 vetii
538 313 962 388 immutabilis
977 319 1099 388 erit
1113 358 1136 394 ,
1158 309 1266 386 tes
1297 316 1448 388 ectu
1463 339 1627 405 veto
1639 319 1921 416 partium
1944 314 2326 392 mutabitur.
2361 315 2597 390 eadem
2615 324 2793 393 enim

356 417 710 516 utrobique
727 416 958 488 relatio
977 415 1068 487 est
1091 468 1114 501 ,
1143 422 1214 488 δε
1284 439 1320 485 c
1339 420 1553 490 omnis
1576 424 1857 492 mutatio
1884 417 2152 501 tolletur
2172 416 2255 491 de
2280 422 2641 492 Creaturis.
2688 426 2797 494 O-

335 516 712 592 stendimus
744 522 919 588 enim
944 540 1084 590 non
1114 511 1237 588 effi:
1274 515 1555 588 eandem
1586 517 1812 592 utrobi
1862 546 1942 592 ue
1975 519 2392 593 relationem.
2441 523 2526 592 Et
2555 517 2798 622 sponte

355 640 671 693 corruunt
693 612 1068 715 hujusmodi
1111 624 1719 719 argumentationes
1731 630 1770 710 ‘‚
1808 547 2297 698 Rattendantut
2309 647 2387 694 ea
2403 646 2548 721 quae
2569 619 2786 694 modo

361 720 665 795 diximus·
2526 800 2531 803 ,

449 847 496 917 4
511 845 572 894 1.
621 820 1010 917 Atinquies,
1042 813 1088 887 fi
1110 841 1243 890 tam
1229 814 1456 989 AEresse
1473 815 1707 895 divinae
1723 820 2262 897 immutabilitatis
2275 817 2787 895 confidetationi

351 917 575 1012 lubeat
614 916 930 997 insistere,
968 912 1158 989 facile
1193 943 1226 988 e
1280 917 1551 1007 'cietut,
1578 927 1802 994 omnia
1837 929 2037 997 etiam
2078 922 2199 1010 effit
2242 920 2676 995 immutabilia
2712 944 2787 994 ut

349 1027 535 1097 Deus
550 1021 641 1093 est
656 1013 1090 1091 immutabilis
1103 1070 1126 1108 ,
1154 1042 1354 1115 atque
1368 1025 1457 1089 ita
1476 1044 1700 1094 motus
1722 1028 1940 1098 omnis
1958 1022 2224 1097 tolletur
2238 1024 2274 1096 ὲ
2290 1021 2568 1095 mundo.
2582 1014 2734 1093 Res
2761 1073 2786 1093 .

353 1122 660 1224 Qstio
677 1164 701 1202 ‚
780 1140 935 1189 uam
954 1115 1330 1216 inpraesenti
1349 1123 1699 1194 tractamus
1716 1173 1740 1210 ,
1772 1121 1913 1199 haec
1927 1125 2053 1209 est,
2078 1150 2163 1196 an
2182 1119 2693 1197 consentaneum
2729 1211 2733 1215 ,
2757 1142 2783 1192 t

348 1224 590 1299 divinae
625 1146 1059 1320 percileffioni,
1091 1216 1367 1288 eandem
1401 1242 1624 1290 motus
1647 1230 2091 1317 quantitatem
2121 1222 2192 1294 in
2232 1221 2494 1296 mundo
2528 1213 2790 1291 conset-

351 1349 529 1397 vate.
583 1321 906 1389 Ponimus
935 1319 1154 1413 itaque
1173 1367 1195 1402 ,
1226 1323 1362 1415 jam
1397 1314 1518 1388 esse
1552 1340 1816 1391 motum
1847 1330 1913 1393 &
1939 1319 2444 1395 mutabilitatem
2464 1322 2793 1391 vai-iamin
2812 1396 2836 1407 ,

352 1413 663 1494 universo
677 1468 701 1503 ,
731 1441 808 1488 ac
827 1414 1111 1516 proinde
1134 1459 1157 1495 ,
1194 1440 1297 1487 tes
1324 1412 1445 1485 effe
1471 1420 1539 1486 in
1560 1414 1818 1487 mundo
1833 1423 1992 1488 Deo
2012 1418 2201 1490 valde
2222 1417 2550 1492 diffimiles
2582 1414 2794 1513 (quid

359 1521 542 1590 enim
557 1521 628 1587 in
639 1511 1035 1616 corporibus
1048 1512 1251 1585 fimile
1268 1511 1525 1616 prorsus
1542 1517 1700 1586 Deo
1721 1521 2040 1616 reperias?
2060 1523 2083 1608 )
2109 1521 2312 1595 Haeci
2363 1523 2488 1591 itur
2501 1511 2795 1591 cum-{int

359 1638 540 1691 extra
574 1611 1088 1690 controversiam
1118 1610 1371 1715 pofita,
1409 1640 1549 1686 non
1589 1610 1839 1690 debent
1857 1620 1929 1686 in
1950 1546 2457 1691 controvetham
2479 1616 2799 1691 hocloco

355 1715 625 1813 adduci.
679 1720 841 1791 Hoc
870 1739 1153 1814 namque
1185 1712 1394 1788 solum
1420 1721 1764 1814 quaritur,
1802 1717 2024 1791 utrum
2039 1722 2106 1790 in
2123 1718 2233 1790 illa
2248 1714 2380 1819 ipsa
2397 1716 2797 1791 diffimilitu-

358 1818 559 1898 dine,
589 1822 657 1891 in
680 1814 821 1919 ipso
846 1814 967 1889 illo
993 1839 1184 1889 motu
1213 1823 1285 1889 δε
1317 1818 1912 1891 variationeretum
1927 1816 2412 1894 mundanarum
2432 1813 2798 1889 similitudo
2904 1884 2909 1887 .

352 1922 490 2001 Dei
521 1917 955 1993 nihilominus
987 1913 1199 2017 aliqua
1225 1913 1553 1995 reluceat,
1598 1917 1820 1991 utrum
1844 1922 1917 1989 in
1943 1914 2075 2019 ipsa
2109 1923 2482 1994 mutatione
2521 1913 2802 2015 aliquod

352 2017 905 2094 immutabilitatis
937 2013 1174 2090 divinae
1214 2017 1553 2121 vestigium
1584 2015 1781 2092 liceat
1818 2022 2127 2119 reperire.
2179 2017 2261 2093 Id
2296 2016 2487 2118 quod
2512 2014 2801 2091 affirma-

347 2146 498 2194 mus
515 2173 537 2208 ,
567 2129 639 2194 &
654 2144 880 2195 verum
898 2116 1020 2189 esse
1039 2119 1180 2212 jam
1197 2115 1650 2218 probavimus.
1705 2120 1970 2218 Nempe
1983 2117 2148 2195 illud
2169 2121 2260 2193 est
2278 2118 2467 2223 quod
2487 2117 2798 2193 assevefa-

351 2247 500 2296 mus
517 2274 541 2307 ,
571 2227 644 2295 in
668 2219 799 2322 ipsa
828 2225 1133 2293 omnium
1164 2244 1382 2291 retum
1420 2215 1863 2293 mutabilitate
1897 2227 1968 2304 ὃ(
1997 2226 2365 2294 mutatione
2387 2246 2523 2295 tam
2539 2225 2710 2292 vatia
2727 2226 2800 2289 δε

236 2402 245 2409 ,
355 2321 739 2417 multiplici,
775 2346 928 2417 quae
948 2322 1019 2389 in
1051 2318 1310 2391 mundo
1343 2315 1724 2414 observatur
1756 2370 1779 2405 ,
1814 2342 1955 2390 non
1985 2322 2243 2394 tantum
2268 2319 2640 2393 libertatem
2664 2320 2802 2391 Dei

360 2416 792 2494 demonstrari
810 2472 828 2499 ,
862 2443 948 2489 eo
967 2415 1158 2514 quod
1173 2442 1313 2494 tam
1335 2423 1507 2493 vatia
1522 2422 1909 2521 contingant
1930 2418 2433 2518 &multiplieia;
2474 2415 2584 2489 sed
2602 2421 2806 2488 etiam

364 2513 795 2588 demonstrati
827 2512 995 2587 hanc
1026 2516 1258 2587 divinae
1288 2541 1532 2589 natutae
1550 2507 2033 2616 pet'feffionem
2052 2570 2075 2602 ,
2112 2542 2246 2612 qua
2263 2509 2514 2614 semper
2531 2539 2664 2588 una
2690 2539 2805 2585 ea-

364 2615 662 2714 demque,
691 2634 914 2688 manet
934 2663 973 2702 ,ἱ
995 2610 1130 2684 hoc
1161 2614 1253 2683 est
1272 2636 1583 2687 aetetnam
1601 2619 1731 2685 Dei
1752 2616 2186 2685 constantiam
2199 2636 2395 2707 atque
2416 2609 2801 2683 immutabi-

363 2713 622 2792 litatem
639 2766 662 2800 ,
703 2737 790 2784 eo
820 2709 1006 2811 quod
1027 2711 1352 2811 perpetuo
1381 2710 1616 2785 eadem
1648 2733 1874 2784 motus
1894 2718 1964 2785 &
1982 2713 2359 2784 variationis
2381 2712 2804 2810 quantitas&

366 2811 663 2888 mensura
676 2817 745 2884 in
766 2834 918 2885 toto
936 2808 1233 2884 universo
1252 2809 1680 2886 conservetur.
2334 2831 2335 2834 ’

465 2943 590 3009 4²·
640 2909 876 3013 thue'
907 2910 1142 2984 clarius
1177 2910 1429 2985 eluceat
1447 2909 1707 2986 hu'usce
1721 2907 2055 2986 sententiae
2070 2915 2338 2998 vetitas,
2375 2936 2458 2983 en
2478 2907 2598 2982 tibi
2621 2906 2804 2981 aliud

364 3013 600 3090 illustre
626 3011 1132 3086 documentum.
1182 2939 1569 3085 Mrandali:
1592 3010 1792 3086 offert
1812 3017 1881 3085 in
1904 3017 2104 3087 mutis
2124 3008 2569 3110 animantibus
2591 3011 2799 3084 varie·

367 3138 466 3189 tas
485 3168 507 3201 ,
541 3123 607 3188 &
621 3120 689 3185 in
703 3140 780 3186 ea
800 3119 1106 3185 varietate
1127 3112 1513 3187 constantia.
1569 3116 1735 3187 Non
1797 3114 1942 3189 ulex
1957 3114 2037 3186 ad
2054 3110 2286 3187 muscae
2303 3167 2326 3200 ,
2359 3109 2482 3184 nec
2497 3107 2701 3212 pailet
2711 3108 2798 3182 ad

368 3212 632 3315 aquilae3
670 3239 807 3285 non
825 3219 999 3286 canis
1013 3211 1099 3284 ad
1115 3220 1304 3311 equi,
1330 3240 1453 3286 nec
1479 3212 1602 3288 bos
1618 3212 1704 3287 ad
1719 3141 2048 3316 elephanti
2068 3211 2597 3315 magnitudinem
2608 3209 2805 3285 affin·-

363 3321 487 3419 git.
536 3316 707 3414 Agni
727 3312 950 3386 balant
969 3366 991 3399 ‚
1025 3311 1302 3414 porcelli
1369 3320 1680 3388 runniunt'
1695 3367 1720 3400 ,
1742 3312 1969 3388 leones
1982 3321 2244 3418 rugiunt
2258 3367 2284 3402 ,
2300 3310 2632 3414 elephanti
2651 3308 2805 3382 bar-

368 3426 551 3489 riunt
569 3468 592 3500 ,
621 3440 788 3488 ranae
804 3414 1083 3488 coaxant
1103 3467 1125 3501 ,
1167 3343 1638 3513 equiffiinniunt
1657 3459 1681 3497 ‚
1722 3421 1886 3488 tauri
1899 3422 2241 3516 mugiunt,
2262 3423 2332 3487 δε
2352 3409 2463 3494 sua*
2476 3440 2562 3513 pe
2642 3410 2808 3484 ctuo—

373 3516 557 3607 cfijus
591 3512 806 3587 bestia:
837 3519 1104 3615 proptia
1135 3541 1264 3588 vox
1283 3516 1395 3588 est.
1446 3520 1620 3615 Qs
1639 3540 1837 3616 neget
1849 3540 1926 3588 ex
1943 3511 2278 3589 universsli
2303 3512 2413 3586 illa
2429 3522 2497 3586 δι
2512 3439 2764 3585 ίηἜηίτει
2782 3561 2808 3597 ,

372 3612 483 3688 sed
505 3617 841 3689 constante
861 3668 884 3701 ,
921 3621 1228 3687 varietate
1250 3614 1538 3687 divinam
1556 3617 1810 3690 elucere
1828 3614 2201 3689 libertatem
2214 3611 2402 3687 fimul
2418 3620 2486 3686 δε
2504 3612 2810 3685 constan-

374 3719 533 3788 tiam
569 3742 723 3788 cum
750 3712 1066 3792 ineffabili
1096 3720 1392 3811 junctam
1413 3712 1718 3817 sapientia
1745 3734 1766 3788 ἒ
1801 3720 1954 3790 Nec
1972 3722 2153 3789 enim
2164 3740 2395 3817 praetet
2408 3720 2631 3787 Deum
2651 3711 2813 3812 huic

377 3840 568 3889 tantae
585 3821 962 3890 vatiationis
975 3811 1230 3890 causam
1251 3814 1674 3890 univetlalem
1697 3845 1898 3917 queas
1909 3819 2245 3922 affignare.
2299 3819 2635 3914 Denique,
2658 3835 2813 3883 cum

369 3922 440 3992 in
453 3914 586 4025 ipsa
600 3944 821 3996 tetum
837 3914 1226 3993 confufione
1249 3915 1747 4032 ordinemDeus
1764 3921 1999 3998 statuat
2013 3944 2256 4024 natutae
2278 3925 2348 3994 &
2361 3904 2828 4074 sapientitglg
