3391 4418
943 162 1181 253 ‘C„o
1258 190 1333 244 <N
1420 191 1474 251 :r
1562 186 1621 253 8
1707 191 1770 249 A-
1860 190 2229 253 c;·r,A.
2733 222 2756 257 ,-

372 340 385 345 ,
426 350 431 355 ,
480 304 594 370 3¹·
657 275 969 373 Denique
990 280 1060 351 in
1096 301 1289 349 terco
1369 280 1722 351 orca-inter·
1740 282 1888 372 ejus
1911 283 2216 378 proptia,
2249 203 2803 377 monitumque}

375 376 675 470 extenfione
694 378 797 447 hac
798 374 880 468 fit
889 382 1061 468 prim·
1085 302 1391 449 rimanffo
1413 402 1597 447 mens
1618 377 1838 451 nostra
1853 384 2199 480 excogitet.
2364 392 2370 399 '

486 504 517 569 3
536 504 596 551 ι..
650 472 949 549 extensio
963 474 1098 550 haec
1116 482 1184 549 in
1205 504 1240 550 c
1350 475 1595 551 'oribus
1615 475 1898 551 definitis
1916 485 2067 550 nina
2085 501 2356 552 vocatur
2373 479 2654 578 dimensio.

488 605 520 666 3
539 604 605 668 3.
653 580 744 647 Ex
777 602 915 673 quo
947 583 1173 669 tritum
1190 504 1399 651 ssffi’:
1437 577 1849 672 Ditoeetfionum
1863 586 2164 672 penetratio
2180 603 2290 650 non
2305 581 2473 652 datur
2489 637 2511 669 ,
2530 581 2662 657 hoc
2679 582 2796 663 est,

376 675 537 751 nihil
554 674 787 753 extenti
804 674 986 749 idem
1004 676 1171 750 illud
1194 675 1460 778 spatium
1482 724 1505 760 ‚
1537 704 1675 776 quo
1698 676 1878 751 aliud
1899 677 2224 752 extensum
2247 684 2618 756 continetur
2633 737 2655 769 ,
2688 689 2793 757 in·-

373 774 558 880 gtedi
573 776 812 877 potest.
1258 844 1265 851 .
1554 787 1583 849 f

348 944 393 953 ,,
460 905 589 970 ,34-
639 880 988 974 Qniam
1022 883 1317 978 conporis
1346 900 1573 951 natura
1605 882 1675 949 in
1710 874 2079 951 extensione
2108 874 2222 949 fita
2251 877 2382 963 est,
2415 874 2519 950 feu
2540 933 2564 967 ,
2595 878 2783 980 quod

373 976 552 1050 idem
572 974 766 1053 valet,
784 1000 1028 1075 corpus
1047 1003 1246 1049 omne
1263 1002 1519 1079 partem
1534 975 1980 1070 habetpesnam
1996 998 2158 1049 extra
2174 995 2452 1078 partem.

475 1103 592 1171 35·
640 1079 754 1156 At,
770 1074 1042 1172 quando
1060 1082 1079 1148 i
1129 1074 1265 1149 sum
1282 1104 1553 1176 quoque
1572 1084 1827 1171 Spatium
1845 1074 2172 1149 extensum
2194 1077 2281 1149 est
2301 1130 2323 1163 ‚
2344 1082 2410 1148 in
2431 1077 2780 1174 quaestione

370 1184 668 1279 ponitur,
681 1173 1042 1275 quomodo
1070 1184 1079 1194 '
1109 1175 1225 1249 lud
1241 1176 1278 1246 a*
1300 1204 1581 1277 corpore
1607 1174 1886 1251 differat.

477 1303 504 1365 3
521 1287 588 1349 6.
639 1281 775 1348 Aut
792 1300 926 1372 qua
943 1280 1049 1347 via
1070 1274 1549 1347 dimensionum
1565 1279 2002 1374 penetrationi
2020 1275 2204 1348 locus
2225 1297 2497 1374 negetur
2518 1317 2540 1349 2
2574 1271 2622 1345 fi
2640 1302 2788 1348 cor-

368 1400 493 1475 pus
510 1370 587 1444 fit
605 1381 673 1444 in
690 1371 922 1473 spatio,
940 1371 1010 1442 id
1028 1376 1138 1458 est,
1163 1372 1487 1444 extensum
1510 1380 1575 1443 in
1597 1371 1874 1443 extenso.

478 1498 509 1561 3
524 1499 596 1561 7.
625 1469 830 1570 Resp.
846 1475 1126 1567 Propius
1143 1495 1282 1551 tem
1300 1469 1498 1568 ipsam
1518 1477 1925 1549 intuete‚nec
1941 1471 2380 1539 extentionem
2395 1467 2570 1570 spatii
2590 1472 2782 1547 aliam

373 1570 458 1640 ab
482 1566 850 1655 extenfione
874 1572 1200 1667 corporis,
1218 1568 1404 1665 quod
1430 1567 1595 1639 inibi
1622 1573 1826 1639 teneri
1845 1569 2102 1642 dicitur,
2125 1592 2405 1666 unquam
2425 1576 2733 1650 invenies·

478 1675 590 1756 38.
646 1671 903 1738 Etenim
937 1692 1063 1740 una
1087 1691 1335 1740 tantum
1367 1664 1656 1770 perfeCla
1688 1665 1794 1743 seu
1833 1666 2000 1740 trine
2037 1664 2322 1740 dimensa
2353 1672 2636 1746 extcnfio
2664 1678 2776 1760 est,

373 1763 811 1840 accessionem
832 1764 1181 1841 admittens
1208 1768 1448 1842 nullam
1488 1772 1549 1848 §-
1578 1796 1689 1842 20.

479 1892 588 1959 39.
645 1874 818 1967 Q
842 1873 910 1939 in
935 1866 1145 1968 spatio
1172 1874 1531 1970 generatim
1565 1868 1948 1968 expenditur
1970 1918 1992 1955 ,
2027 1893 2099 1942 ut
2131 1866 2368 1940 eadem
2391 1894 2781 1967 permanens

310 1969 315 1973 ’
366 1966 723 2040 accedente
744 1969 845 2040 vel
874 1966 1160 2043 abeunte
1189 1995 1588 2069 quocunque
1610 1990 1932 2070 corporet
2195 2020 2198 2023 -

456 2096 579 2159 40.
628 2073 835 2166 Atqui
852 2074 919 2142 in
940 2096 1226 2171 corpote
1246 2069 1576 2173 speciatim
1596 2122 1621 2155 ,
1634 2094 1706 2142 ut
1725 2097 1878 2147 cum
1895 2092 1983 2139 eo
2007 2067 2327 2144 accedens
2345 2094 2538 2171 atque
2557 2069 2780 2146 abiens

358 2166 829 2243 consideratur.
1901 2239 1912 2246 .

460 2295 577 2357 41.
623 2271 727 2344 Ut
753 2295 851 2341 tes
883 2268 1188 2370 exemplo
1211 2270 1589 2371 expediatur
1622 2299 1639 2342 ε
1693 2274 1765 2341 in
1795 2267 1935 2341 vase
1961 2269 2257 2368 quodam
2279 2268 2562 2344 extentio
2580 2297 2782 2372 gene-

362 2362 579 2439 taliter
597 2365 997 2470 confiderata
1013 2395 1198 2466 aequa
1213 2392 1553 2468 permanet
1567 2412 1591 2445 2
1631 2374 1821 2459 (Haec
1843 2366 2118 2467 spatium
2134 2370 2516 2443 constituae
2537 2372 2781 2443 intelli-

365 2469 562 2565 gitur)
585 2470 882 2561 quamvis
897 2491 1074 2536 nunc
1090 2472 1252 2543 vini,
1272 2493 1444 2538 nunc
1462 2473 1640 2546 a‘e'riS‚
1662 2492 1837 2539 nunc
1864 2466 2023 2538 alius
2046 2474 2342 2566 corporis
2359 2469 2384 2552 ,'
2401 2496 2546 2566 quo
2558 2497 2673 2569 per
2690 2479 2784 2554 vif·

372 2589 481 2635 ces
498 2563 809 2663 impletur
830 2589 906 2634 ac
926 2561 1250 2661 depletut‚
1266 2561 1555 2640 extensio
1580 2562 1830 2660 speciali
1840 2589 1934 2634 tet
1954 2565 2227 2637 dicatur.
2567 2643 2570 2650 Α
2721 2575 2726 2580 ’

465 2688 587 2758 42·
636 2657 899 2750 Eodem
920 2659 1136 2733 modo
1155 2681 1384 2731 natura
1403 2659 1687 2731 hominis
1716 2666 1751 2734 a
1773 2684 1997 2732 nasuta
2016 2667 2192 2736 Petri
2214 2686 2362 2734 nona
2372 2660 2610 2739 differt,
2627 2661 2777 2734 licet

363 2760 497 2835 illic
515 2759 839 2843 universe,
862 2759 970 2832 hic
995 2758 1313 2862 sigillatim
1332 2756 1672 2858 spectetur.

462 2889 586 2955 43.
641 2866 982 2961 roitca
1005 2857 1283 2961 spatium
1293 2856 1651 2952 philosophica
1662 2856 2053 2953 fignificatiom
2071 2879 2310 2928 vacuum
2338 2855 2473 2930 hoc
2495 2858 2586 2928 est
2599 2871 2638 2940 2‘
2665 2857 2782 2930 ubi

368 2988 448 3034 ne
464 2964 825 3060 quicquam
844 2963 1054 3061 longi,
1074 2958 1188 3030 lati
1206 2967 1275 3030 &
1290 2955 1610 3058 profundi
1626 2958 1849 3041 existit,
1864 2959 2146 3030 inveniri
2159 2960 2432 3030 minime
2451 2960 2689 3058 potest.

467 3091 587 3152 44.
637 3063 957 3160 Namque
992 3084 1066 3133 ut
1081 3113 1104 3145 ,
1136 3058 1420 3159 exempli
1438 3057 1597 3131 loco
1618 3110 1643 3144 ‚
1674 3054 1999 3131 vasculum
2035 3057 2382 3156 quoddam
2420 3082 2555 3130 uno
2594 3084 2788 3158 atque

367 3166 533 3233 item
547 3164 682 3240 a1io
704 3184 989 3261 corpore
1015 3182 1402 3244 evacuetut3
2055 3225 2060 3230 .

469 3287 588 3354 45.
635 3262 1004 3358 Nunquam
1034 3284 1253 3332 tamen
1286 3260 1403 3332 fiet
1418 3303 1444 3335 ‚
1481 3283 1556 3331 ut
1593 3254 1759 3330 illud
1798 3254 2008 3356 ipsum
2040 3260 2228 3328 omni
2265 3281 2545 3357 corpore
2583 3283 2780 3358 atque

368 3359 735 3432 extenfione
783 3366 852 3432 in
907 3360 1149 3434 eodem
1199 3383 1499 3459 tempore
1547 3362 1941 3430 exinaniatur
1978 3387 1994 3429 ε
2018 3451 2023 3457 ι
2050 3355 2374 3456 fiquidem
2412 3354 2784 3431 extensione

364 3483 681 3561 pereunte
711 3467 986 3535 concavi
1014 3459 1177 3533 haut
1200 3465 1558 3558 quicquam
1587 3478 1916 3541 remanet,
1967 3481 2042 3529 ac
2072 3456 2232 3532 vasis
2262 3454 2478 3530 forma
2517 3457 2789 3531 destrui-

465 3671 589 3751 46.
636 3664 888 3731 Interea
920 3655 1125 3732 facilis
1143 3657 1384 3759 largior
1411 3658 1448 3728 ὲ
1474 3661 1621 3751 vulgi
1649 3676 1827 3728 mente
1844 3680 2122 3729 vacuum
2144 3654 2486 3740 haberi,id
2505 3656 2621 3736 est,
2651 3651 2795 3754 spa-

365 3762 620 3858 tiutnin
645 3784 789 3859 quo
810 3756 970 3832 nihil
987 3756 1278 3834 senfibile
1311 3761 1374 3856 5.
1402 3762 1473 3830 8:
1488 3783 1525 3830 2
1534 3782 1604 3846 9.
1649 3762 1748 3830 Ita
1768 3781 1879 3831 vas
1896 3781 2178 3830 vacuum
2193 3756 2454 3836 dicitas,
2471 3756 2624 3830 licet
2646 3762 2794 3827 ae'te

410 3857 656 3936 lenum.
1356 3887 1365 3897 ·
1743 3889 1748 3896 ·

360 3886 408 3964 P
457 3990 583 4058 47.
636 3963 725 4038 Et
756 3950 1198 4063 saepenumero
1218 3961 1442 4043 ais‚ea
1469 3954 1591 4032 effe
1617 3984 1822 4134 vacAua
1841 3955 2180 4059 ,ubi‚quae
2206 3954 2399 4033 ineffi:
2428 3954 2790 4036 debebant,

446 4069 451 4080 ⁸
1820 4086 1858 4132 2
2650 4073 2790 4121 non
