3391 4418
611 161 658 246 8
1194 142 1255 226 P
1368 171 1432 227 H
1551 171 1609 225 Y
1736 168 1773 225 s
1901 164 1934 219 1
2025 216 2030 219 ,
2059 163 2109 217 c
2234 157 2295 213 A

558 187 864 343 {entibus
889 264 1063 337 tertii
1084 256 1389 330 elementi
1409 252 1740 356 particulis
1755 306 1778 339 ‚
1816 255 2061 351 quippe
2075 250 2112 322 ὲ
2134 244 2540 319 macularum
2561 235 3000 313 dissolutione

569 376 756 455 ortis,
773 368 834 467 §.
861 367 905 439 6
920 390 1026 435 22.
1057 379 1538 458 coagmentata.

666 474 834 565 784.
887 468 976 533 Ex
1010 459 1132 531 hac
1171 461 1399 529 omnia
1428 500 1450 534 ,
1480 479 1622 552 quae
1648 457 1816 523 circa
1842 475 1965 523 nos
2004 450 2413 546 reperiuntur
2449 465 2734 541 corpora
2755 483 2778 515 ‚
2817 444 3004 510 vario

579 567 1025 643 contritionis,
1044 559 1459 658 separationis
1481 564 1551 626 &
1570 553 2056 647 conjunfflonis
2078 568 2272 619 motu
2290 547 2445 616 oriri
2462 538 2670 642 poss'e,
2692 539 3010 640 deinceps

585 665 1028 743 ostendemus.
2971 634 2979 641 ⁴

684 794 723 855 7
738 773 776 841 8
791 789 854 857 5.
909 765 990 832 Et
1010 755 1284 857 quidem
1302 756 1368 825 vi
1385 776 1583 851 atque
1603 748 1895 822 efficacia
1915 748 2164 818 materia
2182 738 2414 837 celestis,
2435 738 2571 811 hoc
2603 740 2920 839 est‚primi
2942 746 3017 812 δε

588 863 852 939 secundi
891 859 1222 938 elementi,
1241 874 1387 952 quae·
1407 850 1752 953 particulas
1786 852 1954 921 tertii
1972 847 2278 917 elementi
2298 840 2516 912 minus
2548 838 2823 910 firmiter
2849 863 3019 909 con-

591 987 902 1049 nexa5‚ex
920 955 1154 1057 quibus
1185 959 1465 1025 exterior
1496 956 1703 1024 Terra
1741 948 2030 1034 constat,
2070 944 2363 1016 fluminis
2396 946 2464 1010 in
2487 937 3018 1038 modurnperva-

592 1068 713 1139 dit.
734 1054 1211 1165 §.326.seqq„
1264 1090 1275 1099 ‚

691 1171 855 1261 786.
916 1164 1192 1230 Materia
1215 1176 1497 1249 namque
1528 1144 1798 1243 terrestris
1819 1188 1842 1220 ‚
1877 1169 1952 1216 ex
1968 1144 2138 1214 tertii
2152 1139 2462 1235 elementi
2478 1136 2809 1238 particulis
2828 1160 3032 1207 com-

594 1263 828 1369 pofita‚
843 1254 1032 1362 perse
1070 1250 1281 1331 otiosa
1313 1249 1615 1350 existit.§.
1636 1271 1811 1344 479.

708 1466 799 1553 X
817 1460 895 1544 X
918 1461 955 1545 I
976 1461 1034 1544 1.
1100 1456 1438 1537 Aeliones
1459 1442 1770 1535 materiae
1786 1441 2067 1549 celestis.
2083 1446 2162 1523 'm
2188 1442 2594 1548 terrestrem
2617 1469 2643 1518 .·
2686 1430 2805 1517 ubi
2825 1430 2913 1514 de

1081 1570 1564 1681 pelluciditate
1578 1619 1604 1661 ‚
1627 1565 2008 1674 gravitate
2026 1621 2047 1654 ‚
2080 1557 2342 1655 calore,
2359 1556 2521 1651 &a

648 1748 821 1846 787.
1034 1743 1098 1810 T
1146 1738 1362 1837 primo
1407 1731 1685 1831 quidem
1717 1728 1851 1801 hoc
1900 1728 2059 1799 loco
2100 1731 2323 1799 motus
2357 1720 2792 1827 globulorum
2823 1719 3030 1795 coele-

791 1911 799 1917 .
872 1753 1009 1922 E
1041 1843 1231 1913 stium
1267 1832 1645 1937 generaliter
1670 1825 2175 1901 confiderandus
2211 1828 2332 1898 est.

706 1949 871 2035 78⁴8.
929 1944 1028 2029 Illi
1045 1945 1247 2023 enim,
1266 1957 1690 2037 praeterquam
1706 1926 1892 2028 quod
1908 1929 2207 2011 Terram,
2228 1932 2429 2023 q'ua‘m
2444 1927 2682 2023 partim
2704 1918 3044 1999 ambiunt,=

609 2051 857 2149 partim,
873 2039 1260 2145 pervadunt,
1287 2037 1531 2131 junctim
1550 2027 1875 2106 deferunt,
1897 2033 1968 2097 in
2000 2024 2235 2098 orbem
2249 2028 2533 2099 communi
2549 2042 2745 2097 motu
2757 2047 3032 2123 progre-

611 2147 883 2218 dientes.
920 2166 1086 2239 257,
1129 2143 1290 2233 563.

710 2249 878 2330 789.
937 2239 1264 2335 separatim*
1293 2236 1489 2303 etiam
1513 2229 1755 2325 propriis
1789 2233 1859 2298 &
1895 2227 2083 2298 variis
2100 2220 2390 2295 motibus
2421 2247 2684 2321 quaqua
2713 2219 2918 2318 versus
2937 2217 3036 2292 fe·-

614 2366 865 2418 runtur.
891 2343 1051 2442 §.25
1076 2366 1143 2430 3·
1941 2333 1948 2340 ’
2571 2345 2618 2412 “,
2861 2349 2882 2358 ‘

716 2466 889 2540 790.
916 2437 917 2440 ’
1017 2434 1422 2528 ualeeunque
1448 2428 1604 2501 veto
1619 2448 1843 2498 motus
1858 2421 2026 2495 illius
2043 2426 2300 2496 initium
2314 2418 2529 2506 fuerit,
2553 2422 2807 2525 globuli
2826 2447 3036 2524 quan-

622 2568 764 2617 tum
794 2537 1259 2642 poffu11t‚eum
1285 2533 1675 2602 continuant
1709 2522 2061 2612 secundum
2087 2525 2322 2595 lineam
2341 2528 2608 2596 restam·
2631 2526 2696 2601 §.
2723 2550 2747 2592 1
2768 2529 2887 2618 516.

720 2669 760 2732 7
773 2663 867 2731 91.
921 2645 1142 2739 Atque
1177 2630 1571 2726 ita‘peuucida
1606 2624 1894 2698 reddunt
1932 2639 2215 2727 corpora
2251 2622 2525 2722 liquida,
2547 2621 2923 2695 dummodo
2964 2627 3038 2691 δέ

618 2770 780 2845 pura
798 2738 1034 2812 fuerint
1062 2748 1133 2812 δε
1160 2728 1492 2836 particulis
1514 2731 1684 2800 tertii
1704 2727 2006 2799 elementi
2027 2723 2327 2799 tenuibus
2356 2724 2675 2795 constent.
2697 2726 2761 2800 §.
2791 2735 2951 2795 261..

724 2866 894 2929 792.
946 2843 1129 2910 Nam
1178 2832 1370 2903 facile
1418 2853 1537 2925 per
1583 2824 1911 2924 ejusmodi·
1958 2850 2240 2925 corpora
2285 2821 2539 2896 assiduo
2580 2845 2772 2900 motu
2809 2820 2926 2892 fibi
2968 2824 3039 2891 in

620 2963 859 3009 omnes
886 2960 1105 3034 partes·
1133 2936 1265 3000 vias
1296 2947 1547 3025 parant,
1576 2929 1637 3000 §.
1660 2950 1818 3020 329.
1867 2931 1962 2995 ‘uti
1989 2950 2209 2997 currus
2228 2949 2343 3023 per
2362 2948 2629 2995 arenam
2651 2975 2672 3006 ,
2690 2923 2899 2995 lutum
2924 2941 3042 2993 aut

618 3046 845 3113 nivem
868 3033 1050 3105 nullo
1083 3033 1360 3129 negotio
1394 3019 1699 3093 hueilluc
1734 3017 2025 3095 trahitur.

724 3160 814 3222 79
833 3159 892 3230 3.
950 3137 1055 3216 Et,
1077 3127 1123 3200 si
1140 3117 1676 3199 concrescantista
1691 3119 1965 3215 liquida,
1988 3120 2274 3192 eundem
2339 3123 2576 3191 artium
2593 3118 2938 3196 retinendo
2960 3115 3041 3189 fi-

622 3255 1006 3328 tum,·quem
1025 3225 1356 3328 aglobulis
1382 3244 1697 3319 accepere
1714 3217 2072 3292 caelestibus
2088 3274 2108 3305 ‚
2146 3147 2466 3319 diapziana
2482 3244 2770 3302 manent,
2801 3223 2862 3298 §.
2887 3220 3043 3292 288.

625 3337 826 3408 Sicuti
849 3354 1067 3401 currus
1086 3350 1389 3400 movetur
1413 3346 1535 3423 per
1555 3317 1803 3398 orbitas
1819 3323 2060 3392 in.nive
2097 3317 2404 3391 indurata
2422 3341 2531 3398 aut
2564 3318 2704 3391 luto
2726 3319 3060 3394 exsiccato.

626 3436 902 3506 relictas:

723 3556 889 3629 794.
941 3520 1357 3623 Exemplofit
1378 3545 1574 3620 aqua,
1604 3545 1748 3616 quae
1764 3516 2088 3619 pellucere
2108 3516 2512 3619 conglaciata
2525 3520 2708 3616 pergi
2717 3540 2766 3589 t.

727 3655 897 3726 795.
949 3632 1150 3725 Igitur
1164 3621 1494 3724 pellucida
1509 3619 1823 3691 terrestria
1834 3619 2066 3690 lumini
2082 3621 2419 3690 tranlitum
2439 3642 2576 3689 non
2592 3613 3052 3716 praebentubi·

624 3753 753 3830 que
778 3780 800 3810 ‚
827 3724 922 3796 uti
958 3722 1228 3798 Coelum
1268 3745 1516 3826 purum
1553 3711 1754 3801 facit3
1791 3714 1899 3788 sed
1935 3713 2224 3815 respedm
2257 3715 2515 3803 solidae,
2558 3745 2697 3815 qua.
2716 3720 3044 3797 constant,

617 3826 979 3901 (ubstantiae,
1000 3849 1255 3922 partem
1295 3820 1382 3894 sui
1408 3817 2085 3894 luminisrefletstunt..
2423 3828 2427 3831 ⁴
2609 3809 2614 3815 ’
2691 3835 2694 3836 ’

717 3939 898 4024 796..
949 3927 1133 3998 Hine
1171 3922 1389 4027 pulvis
1434 3920 1580 3996 vitri
1631 3913 2120 4021 nonpellucet:
2169 3912 2413 3991 diversa
2451 3911 2570 3986 fibi
2606 3909 2890 3988 invieem
2918 3916 3062 4083 igi..

2836 4038 2933 4115 ρο
2985 4033 3060 4084 τε,
