3391 4418
1240 125 1313 212 P
1420 154 1497 213 Η
1578 157 1834 213 ntus
1956 154 1988 208 1
2113 148 2174 209 c
2288 154 2345 212 Α

577 268 581 271 ·
630 155 797 315 {zaim
817 241 909 314 est
933 295 958 330 ‚
990 238 1264 314 ent-‘vasa
1283 267 1491 315 vacua
1506 294 1527 323 ‚
1553 240 1623 315 id
1642 241 1734 313 est
1751 294 1774 329 ,
1802 251 1950 314 ae‘re
1961 239 2228 342 plena§.
2251 253 2371 336 46.
2411 228 2702 311 multum
2721 241 3003 312 tinniant
3024 293 3052 326 ‚

630 351 788 416 vino
807 341 1002 443 plena
1021 368 1158 414 non
1174 348 1358 415 item.
1604 424 1609 425 ff
1652 392 1653 399 κ
1725 400 1730 403 -
2445 406 2450 413 .
2513 384 2519 391 ›
2723 412 2728 419 ,
2751 370 2754 387 ’-
3051 396 3058 401 -

662 490 666 497 »
735 449 943 517 100‘8.
995 442 1299 516 Similiter
1319 484 1347 520 2
1374 468 1492 533 cur
1517 440 1693 542 ligna
1724 438 1890 514 iicca
1920 439 2006 514 ad
2044 436 2517 540 suscipiendum
2540 434 2773 511 ionum
2794 442 3055 537 aptiora

630 541 974 617 viridibus.

738 668 762 714 ι
778 668 949 731 009.
1000 643 1097 715 Ut
1121 648 1297 733 enim
1310 667 1421 716 vas
1436 667 1711 715 vacuum
1728 638 1785 713 se
1802 640 2006 715 habet
2024 641 2108 714 ad
2120 641 2425 743 plenum:
2450 644 2537 710 ita
2552 643 2700 738 pori
2716 636 3055 739 lignorum

629 740 949 815 ficcotum
968 740 1024 815 ie
1048 741 1297 820 habent
1319 741 1404 815 ad
1424 769 1631 843 poros
1654 742 1997 818 viridium:
2041 766 2332 844 quorum
2355 738 2452 810 illi
2469 741 2673 838 magis
2691 746 2940 839 aperti,
2978 739 3050 813 hi

631 843 942 915 obstruffi
960 839 1099 915 sunt
1119 844 1178 942 §.
1213 872 1238 937 3
1261 868 1289 936 5
1312 873 1369 934 ς.
1401 856 1563 941 356.

733 970 816 1020 10
836 969 941 1015 ιο..
992 948 1154 1015 Haec
1184 950 1383 1016 etiam
1419 942 1604 1016 causa
1637 947 1730 1016 est
1764 968 1878 1015 cur
1893 941 2110 1012 hieme
2129 993 2154 1025 ,
2186 939 2352 1014 dum
2371 950 2479 1011 ae'r
2494 935 2851 1040 vaporibus
2866 964 3054 1038 aquae

629 1041 1042 1116 ctaffioribus
1055 1046 1282 1145 plenus
1346 1100 1367 1111 ..
1386 1070 1557 1132 907.
1586 1071 1623 1134 9
1647 1073 1668 1116 1
1688 1052 1755 1115 8.
1773 1039 1964 1115 sonus
1984 1066 2117 1115 tam
2135 1042 2333 1144 longe
2355 1065 2492 1112 non
2516 1039 2911 1112 exaudiatur.

729 1168 935 1216 1011.
990 1149 1231 1244 Qem
1325 1144 1603 1216 modum
1643 1154 1714 1217 &
1746 1169 1864 1243 per
1895 1151 2115 1215 nivem
2132 1167 2210 1228 ac
2233 1145 2521 1244 pluviam
2542 1139 2835 1215 obtusius
2856 1138 3052 1210 audi..

627 1267 771 1328 tur,
804 1243 1008 1341 quam
1037 1269 1163 1346 per
1187 1243 1475 1318 liberum
1512 1243 1599 1315 ab
1635 1242 1960 1342 ejusmodi
1989 1243 2199 1316 crassis
2237 1254 2306 1318 δε
2339 1240 2627 1316 humidis
2654 1238 3053 1340 corporibus

625 1369 869 1418 aerem.
2383 1372 2388 1375 Α

651 1480 658 1488 ·
730 1471 758 1515 1
774 1470 858 1514 οι
876 1471 936 1516 2.
991 1446 1142 1516 Nec
1170 1443 1380 1519 solum
1407 1472 1572 1546 aqua
1612 1452 1745 1519 a'e'ri
1764 1498 1784 1533 ‚
1822 1445 2056 1519 verum
2099 1454 2208 1516 ae'r
2226 1436 2498 1513 viciffim
2524 1467 2704 1540 aquae
2720 1441 3053 1542 quodam-

624 1542 842 1615 modo
858 1543 1279 1643 permiscetur
1299 1600 1322 1631 ,
1358 1552 1533 1619 unde
1555 1564 1808 1640 spuma,
1854 1570 2092 1645 corpus
2113 1571 2189 1616 ex
2208 1548 2353 1614 ae're
2376 1553 2447 1615 δε
2466 1569 2635 1640 aqua
2652 1550 2952 1616 mixtum.
3061 1628 3064 1629 ⁷

730 1671 752 1714 ι
768 1668 812 1714 0
833 1671 852 1716 1
877 1666 939 1732 3.
991 1646 1373 1744 Qomodo
1389 1649 1545 1718 vero
1561 1648 1671 1717 ista
1689 1650 1919 1718 mixtio
1936 1652 2280 1742 contingat
2298 1696 2319 1728 ‚
2341 1640 2881 1814 turgilperspicitur
2894 1644 3056 1716 cum

627 1768 704 1814 ex
729 1741 962 1814 altiore
983 1742 1142 1815 loco
1163 1750 1235 1816 in
1261 1743 1648 1817 vasinferius
1665 1751 1889 1816 vinum
1905 1745 2144 1817 aliusve
2159 1745 2422 1841 liquori
2471 1798 2474 1801 ,
2502 1746 2779 1818 unditut.
2834 1743 3051 1817 Facile

624 1849 798 1915 enim
822 1867 976 1916 tunc
1009 1855 1118 1917 ae'r
1137 1850 1573 1945 intercipitur,
1619 1851 1735 1941 qui
1757 1868 1977 1915 tamen
1994 1845 2267 1943 liquoris
2283 1845 2616 1944 particulis
2642 1845 2882 1919 obvim
2903 1869 3055 1946 gra-

624 1950 835 2016 vitatis
854 1942 1393 2018 descendentibus
1404 1944 1717 2045 paulatim
1740 1945 1895 2016 inde
1914 1944 2158 2017 solutus
2174 1940 2484 2018 ascendit.

733 2067 943 2138 ¹0¹4·
994 2048 1153 2115 Huc
1182 2052 1513 2143 pertinent
1532 2069 1802 2142 qnoque
1835 2048 1985 2127 bulla
2013 2050 2082 2115 in
2104 2044 2408 2142 liquidis,
2435 2071 2720 2143 quarum
2781 2044 3058 2117 el‘liculae

621 2138 871 2216 viscosae
889 2142 948 2242 §.
970 2152 1059 2215 26
1064 2172 1134 2233 7·.
1156 2155 1374 2218 aerem
1396 2141 1711 2218 inclusum
1733 2143 2134 2244 aliquamdiu
2156 2146 2454 2217 detinent
2470 2192 2490 2227 ‚
2527 2152 2712 2248 perin
2765 2174 2799 2219 e
2818 2143 2953 2217 fere
2975 2169 3051 2216 ut

618 2248 688 2314 in
716 2239 920 2313 vefica
947 2243 1057 2314 fit.
1104 2251 1203 2317 Ita
1225 2246 1407 2320 lastis
1421 2271 1682 2318 cremor
1700 2249 1977 2348 agitatus
1996 2241 2183 2320 valde
2210 2246 2417 2317 inflari
2440 2256 2509 2319 &
2539 2255 2606 2318 in
2627 2244 2833 2321 bullas
2844 2246 3046 2348 pluri·-

621 2366 757 2415 mas
772 2341 981 2415 attolli
999 2339 1188 2419 solet.
2687 2401 2704 2413 .
2805 2399 2810 2402 ,

718 2449 851 2534 ‘rot
872 2469 934 2538 5.
986 2449 1132 2518 Imo
1165 2442 1388 2547 spuma
1426 2473 1502 2520 ex
1518 2447 1820 2549 plurimis
1849 2441 2093 2547 exiguis
2109 2445 2305 2523 bullis
2319 2456 2773 2549 componitur.
2829 2449 3054 2519 Cum-

613 2569 742 2642 que
762 2568 840 2614 ea
859 2551 1111 2618 ratione
1128 2549 1362 2622 multas
1376 2548 1618 2621 habeat
1636 2547 2001 2651 superficies
2018 2602 2038 2636 ,
2073 2575 2346 2648 quarum
2358 2555 2569 2649 prima
2584 2572 2835 2651 partem
2850 2546 3054 2620 lumi·-

612 2650 711 2718 nis
733 2643 1018 2745 aliquam
1047 2644 1361 2730 reflectit,
1380 2648 1671 2723 ‘secunda
1699 2650 1891 2723 aliam
1913 2694 1936 2727 ‚
1976 2673 2172 2750 atque
2190 2658 2277 2724 ita
2301 2649 2644 2751 deinceps,
2673 2655 2866 2721 vixac
2880 2644 3039 2750 saepe

610 2771 696 2816 ne
721 2751 823 2818 vix
841 2749 1110 2845 quidem
1138 2750 1386 2849 aliquid
1401 2749 1677 2852 superest
1694 2751 1881 2850 quod
1901 2751 2167 2826 ulterius
2189 2775 2414 2853 pergat
2429 2763 2495 2840 §.
2516 2779 2603 2844 93
2627 2777 2692 2821 2.

727 2847 811 2914 ι”ο
827 2873 851 2916 ι
865 2858 935 2918 6.
985 2855 1159 2943 Q
1178 2848 1359 2919 causa
1380 2853 1471 2920 est
1490 2875 1558 2923 ut
1576 2853 1810 2923 lumen
1823 2849 2070 2925 facilius
2090 2852 2175 2924 ad
2191 2858 2390 2926 trium
2406 2849 2731 2924 hastarum
2746 2848 3039 2926 altitudi-

612 2963 767 3030 nem
787 2946 856 3015 in
874 2969 1115 3039 aquam
1137 2957 1475 3045 penetret,
1509 2948 1714 3045 quam
1734 2977 1855 3048 per
1927 2953 2229 3025 auxillum
2248 2951 2513 3052 spumae.

721 3069 933 3129 1017.
980 3049 1221 3145 Spuma
1258 3047 1489 3144 eadem
1517 3048 1598 3118 de
1630 3046 1813 3120 causa
1845 2978 1991 3121 alba
2024 3054 2115 3123 est
2147 3097 2173 3129 ‚
2223 3058 2377 3150 quia
2402 3057 2643 3125 vitrum
2666 3075 2776 3125 aut
2796 3050 3044 3154 glacies

614 3139 883 3215 contusa
905 3195 925 3229 ‚
957 3145 1236 3218 nixitem
1256 3156 1327 3220 &
1344 3147 1599 3252 grando
1617 3146 1766 3220 alba
1783 3147 1903 3222 effe
1927 3147 2154 3225 solent.

992 3342 1080 3428 X
1095 3347 1177 3433 X
1200 3353 1277 3438 V
1297 3351 1336 3433 Ι
1344 3414 1362 3432 .,
1417 3363 1681 3432 (Mare
1697 3408 1730 3450 ‚
1751 3365 2012 3432 Pontes
2031 3410 2061 3453 ,
2093 3355 2258 3435 Nix
2276 3408 2295 3440 ‚
2343 3353 2615 3431 Pluvia
2637 3411 2674 3454 ,

1385 3457 1589 3571 Salfiz
1615 3522 1634 3557 ,
1675 3466 1936 3548 Dulcia
1952 3522 1985 3564 ‚
2019 3479 2257 3584 Sapor.

670 3652 877 3718 10:18.
903 3653 1115 3823 EX
1151 3649 1689 3725 antecedentibus
1728 3651 1991 3729 abunde
2042 3655 2250 3753 liquet
2281 3707 2304 3742 ,
2341 3679 2575 3756 aquam
2614 3680 2748 3730 tam
2790 3663 2866 3729 in
2895 3655 3036 3729 aliis

634 3781 639 3790 ·
800 3753 805 3760 ’
1048 3749 1261 3825 fluidis
1279 3806 1299 3840 ‚
1317 3750 1515 3852 quam
1537 3760 1604 3826 in
1626 3749 1802 3828 duris
1824 3755 2218 3857 corporibus
2239 3810 2260 3843 ,
2290 3779 2425 3828 tam
2446 3754 2611 3829 infra
2628 3759 2829 3855 quim
2848 3757 3035 3858 supra

606 3865 838 3914 tetram
860 3854 1147 3950 reperiri.

656 4047 667 4059 .
710 3969 913 4036 1019.
978 3953 1160 4052 Qo
1196 3955 1437 4028 intuitu
1468 3951 1703 4059 plusne
1737 3960 1805 4030 in
1837 3954 2095 4032 mundo
2137 3981 2319 4034 terrae
2352 3981 2635 4056 anaquae
2651 3954 2889 4035 detur,
2924 3960 3036 4031 vix

604 4041 815 4120 dicere
831 4075 1063 4151 queas.
2562 4080 2773 4132 1020.
2813 4060 3033 4132 Maxi-
