3391 4418
384 222 481 243 ‚7
968 136 2149 242 C·0·ersscTal
2659 177 2759 241 ιι

332 282 539 360 quam
554 255 699 329 fieri
733 252 951 356 potest
968 307 990 342 ,
1019 277 1092 328 ut
1124 259 1349 328 omnia
1366 255 1544 330 idem
1567 256 2030 362 magnitudinis
2053 313 2076 345 ,
2115 259 2336 361 figurat
2369 282 2449 334 ae
2465 254 2620 335 fitua
2637 260 2769 334 ob-

330 367 604 432 tineant.
660 360 957 457 Oportet
986 357 1184 456 igitur
1202 361 1298 428 uti
1319 363 1593 431 materia
1607 409 1631 439 ,
1667 372 1811 460 quae
1830 358 2142 434 omnibus
2160 362 2378 436 modis
2403 358 2666 460 figurari
2680 388 2764 438 ac

333 454 548 531 dividi
567 453 842 536 sustinet,
864 460 1163 529 omnium
1178 459 1747 559 complementum
1767 459 2054 534 advolet.
2427 532 2428 535 ,

441 583 477 629 2
491 581 530 643 9
547 582 607 646 3.
662 554 910 629 Eadem
933 552 1069 626 haec
1097 555 1434 632 neceflitas
1452 556 1861 661 agnoscitur,
1886 565 2156 659 quoties
2177 561 2214 633 ὲ
2233 559 2448 662 spatiis
2468 561 2754 662 amplio-

328 654 510 729 ribus
530 653 613 725 ad
626 659 979 729 innumeris
997 656 1303 754 gradibus
1319 664 1574 733 minora
1603 657 1861 761 prorsus
1879 657 2217 760 implenda
2237 665 2511 735 materia
2528 660 2759 736 mobi-

325 755 408 828 lis
443 760 738 829 excurrit.
761 758 823 856 §.
854 782 881 827 1
905 779 1017 845 37.
1074 758 1261 852 (Jam
1308 754 1354 831 fi
1399 765 1542 857 quis
1568 785 1805 863 roget,
1846 758 2189 860 quodnam
2221 757 2298 832 fit
2325 759 2487 833 illud
2517 787 2755 863 corpus

325 852 772 929 flm‘diffimum
793 908 816 942 ,
853 855 890 927 ὲ
908 851 972 924 su
1062 853 1343 929 rioribus
1360 861 1626 957 quidem
1645 861 1740 933 nil
1753 858 1932 932 aliud
1948 860 2149 956 qudm
2168 862 2485 932 Flammam
2516 861 2757 934 intelli·

325 978 459 1056 get.
475 954 681 1055 §.265
696 1003 714 1024 .
765 956 921 1027 Nec
945 877 1093 1043 ἐξιξὲ
1116 962 1468 1055 quicquam
1490 960 1691 1032 existit
1711 1013 1734 1049 ,
1763 959 1947 1059 quod
1967 957 2095 1030 alia
2113 982 2394 1057 corpora
2413 982 2755 1061 tantopere

324 1053 576 1129 dividat
600 1084 638 1135 εκ
656 1051 951 1127 dividere
968 1078 1184 1128 autem
1200 1058 1291 1127 est
1321 1084 1612 1131 movere.
1634 1066 1658 1152 )

422 1181 595 1245 294.
646 1152 896 1228 Verum
915 1153 953 1226 ὲ
990 1152 1405 1253 corporibus,
1428 1184 1574 1253 quae
1604 1155 1746 1230 sunt
1767 1179 1942 1229 certa
1958 1156 2168 1259 figura
2183 1182 2304 1228 nec
2328 1155 2408 1228 ad
2451 1161 2757 1258 omnige-

318 1280 473 1327 nam
494 1250 937 1329 assumendam
955 1251 1229 1332 idonea,
1246 1264 1432 1326 meris
1440 1257 1683 1326 rotunda
1695 1258 2007 1329 mobilitate
2010 1258 2116 1351 sua
2131 1255 2628 1343 μηεινεττκηεὸ.)
2649 1283 2675 1327 1
2688 1262 2776 1330 8-

327 1379 366 1427 2
382 1362 420 1424 8
433 1364 503 1424 6.

424 1472 517 1536 29
575 1499 594 1519 .
645 1452 943 1545 Suntque
983 1443 1390 1519 minutiffimi
1425 1444 1707 1545 globuli,
1730 1448 1791 1546 §.
1819 1472 1855 1520 2
1871 1473 1986 1542 50.
2035 1453 2379 1546 proprium
2399 1445 2621 1547 singuli
2646 1475 2772 1549 gy>

334 1570 487 1616 rum
533 1548 822 1617 acientes
854 1573 873 1615 ε
900 1547 964 1620 §.
987 1569 1021 1613 2
1037 1568 1070 1635 5
1092 1570 1151 1634 3.
1170 1545 1315 1641 post
1329 1552 1665 1616 materiam
1683 1542 2082 1643 quibussibet
2100 1546 2317 1621 modis
2331 1545 2714 1649 figurabiler'

332 1644 416 1714 ad
440 1667 684 1741 corpus
709 1639 987 1714 fluidum
1010 1642 1538 1715 constituendum
1562 1644 1838 1718 maxime
1854 1643 2107 1718 idonei.

433 1753 600 1832 296.
650 1739 954 1843 Qndo
970 1745 1148 1812 enim
1170 1738 1256 1815 fic
1289 1767 1670 1829 moventur,
1709 1752 1781 1817 &
1808 1747 1878 1815 in
1894 1749 2157 1845 punctis
2173 1741 2485 1819 duntaxat
2505 1744 2565 1818 se
2583 1750 2757 1819 'con-

325 1840 608 1944 tingunt,
633 1841 693 1941 §.
729 1858 895 1933 243.
948 1844 1016 1912 in
1038 1865 1274 1941 corpus
1290 1840 1526 1915 durum
1549 1838 1907 1918 coalescere
1926 1866 2278 1943 nequeant.
2389 1914 2392 1919 s
2686 1870 2698 1883 ·

421 1967 592 2031 297.
644 1945 883 2014 Praeter
899 1937 1484 2016 mobilitatis'istam
1507 1948 2014 2045 praerogativam
2051 1940 2357 2042 sphaerica
2382 1941 2428 2014 fi
2473 1968 2589 2015 ura
2618 1941 2753 2021 boc

313 2039 521 2113 habet
562 2093 585 2124 ,
634 2037 826 2139 quod
875 2038 1171 2132 umformie
1204 2046 1287 2112 efl
1325 2044 1400 2118 (θ’
1418 2042 1820 2137 smtpliciffma
1858 2098 1878 2127 ‚
1930 2043 2100 2117 cum.
2117 2047 2315 2113 unico
2358 2041 2431 2115 so
2458 2041 2573 2115 um
2620 2065 2752 2113 ter-

314 2146 504 2213 mino
522 2192 544 2226 ,
595 2140 816 2240 eoque
845 2139 885 2216 a
916 2138 1150 2230 medio
1174 2139 1632 2244 comprehensi
1665 2139 1851 2246 spatii
1875 2139 2209 2242 aeq'ualiter
2232 2139 2504 2215 distante
2529 2148 2752 2214 conti-

317 2263 570 2313 neatur.
872 2261 877 2265 ’
2535 2291 2546 2302 f

429 2341 588 2424 298.
639 2338 794 2409 Nec
821 2333 999 2408 linea·
1030 2343 1246 2425 resta,
1278 2337 1422 2436 quae
1441 2336 1764 2413 linearum
1787 2346 2094 2414 omnium
2128 2334 2591 2441 fimpliciffima
2614 2338 2746 2426 est,
2795 2401 2804 2410 κ

321 2436 545 2537 potest
575 2441 782 2534 magis
824 2438 1153 2531 aequaliter
1170 2493 1189 2518 ,
1233 2447 1300 2510 δι
1337 2439 1552 2509 minus
1587 2445 1657 2510 in
1694 2462 2110 2537 unoquoque
2146 2443 2402 2538 pumsto
2454 2440 2738 2523 inflecti,

325 2533 535 2635 quarn
555 2531 710 2606 cum
729 2538 798 2602 in
813 2535 1193 2606 circularem
1218 2534 1595 2634 degenerat.
1668 2572 1677 2576 ·
2119 2563 2123 2568 ·

434 2656 603 2725 299.
656 2634 837 2704 Hinc
868 2655 944 2702 ea
962 2656 1107 2729 quae
1126 2631 1165 2701 a
1189 2632 1748 2706 circumstantibus
1764 2643 1833 2706 &
1849 2632 2257 2709 obstantibus
2271 2659 2386 2705 cor
2437 2632 2666 2706 oribus
2677 2638 2750 2704 in

315 2734 514 2807 resto
533 2753 732 2804 motu
745 2726 1205 2828 persequendo
1223 2730 1686 2831 impediuntur,
1705 2729 1877 2803 hunc
1893 2739 1961 2805 in
1983 2734 2361 2805 circularem
2380 2662 2561 2802 filico
2585 2754 2756 2802 con-

311 2854 589 2908 vertunt
613 2846 642 2926 (
659 2835 767 2903 Sic
785 2832 964 2899 enim
981 2829 1020 2901 εἰ
1043 2833 1220 2912 recita
1240 2834 1343 2901 via
1368 2831 1581 2903 minus
1603 2823 1850 2903 abe'unt
1870 2886 1890 2914 ,
1923 2833 2125 2932 quim
2146 2827 2192 2902 fi
2209 2854 2402 2902 motu
2419 2826 2537 2901 suo
2554 2833 2760 2902 resti-

307 2932 539 3026 lineos
560 2927 838 3029 angulos
850 2925 1288 3001 describerent
1312 2938 1363 3012 .·)
1385 2927 1567 3001 sicuti
1586 2935 1654 3002 in
1662 2927 1883 3031 globis
1898 2937 2115 3032 parvis
2133 2939 2202 3005 δι
2223 2934 2475 3034 magnis
2489 2983 2511 3015 ‚
2545 2935 2750 3028 inque

306 3035 483 3111 ae'tis
507 3038 580 3103 δε
598 3033 917 3127 aquarum
936 3026 1295 3104 vorticibus
1315 3052 1609 3130 apparet.
1658 3035 1744 3102 Et
1777 3028 2096 3104 habemus
2113 3038 2181 3103 in
2204 3056 2354 3102 aure
2376 3030 2590 3129 digito
2613 3027 2679 3100 o'

299 3125 577 3209 thurata
594 3134 915 3202 vorticem
933 3134 1120 3206 aeris,
1138 3127 1296 3201 dum
1315 3155 1522 3231 vapor
1542 3134 1824 3204 neresta
1836 3134 1942 3203 via
1953 3155 2137 3232 exeat
2159 3128 2521 3229 impeditur
2556 3156 2575 3201 z
2619 3154 2753 3200 un-

298 3233 403 3306 de
423 3253 720 3302 murmur
733 3228 1091 3301 tremulum
1113 3227 1428 3303 audimus.
1560 3267 1565 3270 ·
1674 3279 1677 3282 >

421 3353 603 3421 3oo.-
637 3328 885 3402 Eadem
906 3321 1115 3428 figura
1149 3326 1422 3430 globosa
1453 3333 1623 3420 inter
1657 3354 1892 3402 omnes
1915 3326 2268 3423 robufltffima
2293 3336 2365 3402 &
2391 3325 2740 3423 capacifflma
2771 3372 2776 3378 ·

285 3434 425 3511 est,
450 3427 515 3528 §.
543 3434 705 3499 218.
730 3433 1077 3502 &ratione
1094 3427 1391 3504 ‚ambitus
1420 3426 1933 3526 quodammodo
1967 3429 2210 3522 irfinita.

408 3555 445 3622 3
461 3553 507 3600 o
525 3549 586 3596 1·
636 3531 778 3600 Has
805 3524 1020 3600 causas
1051 3526 1240 3601 multi
1275 3524 1554 3600 afferunt
1575 3570 1601 3604 ‚
1635 3525 2077 3623 quamobrem
2099 3528 2410 3627 pleraque
2434 3519 2754 3596 Univerfi.

284 3649 605 3729 corpora
636 3680 659 3708 ,
716 3634 966 3725 majora
989 3634 1230 3726 pariter
1260 3635 1327 3702 &
1356 3629 1619 3697 minora
1648 3676 1670 3704 ‚
1728 3622 2027 3727 sphaerica
2069 3648 2181 3698 aut
2223 3623 2398 3693 certe
2447 3619 2748 3695 rotunda.

282 3725 830 3838 quodammodo
846 3726 1138 3814 existant,
1163 3724 1266 3799 vel
1281 3749 1542 3798 motum
1562 3750 1831 3824 quoque
1852 3726 2233 3798 circularem
2256 3718 2559 3814 habeant.
2600 3719 2740 3792 Sed

278 3828 721 4015 Ehyficamm
758 3853 971 3904 rerum
1006 3824 1322 3902 studiosus
1336 3825 1754 3931 generalibus
1773 3824 1893 3902 iuis
1911 3822 2130 3900 causis.
2148 3818 2452 3927 speciales
2489 3816 2736 3891 addere

354 3925 676 4013 botabit.
1697 3967 1700 3970 Δ
1858 3976 1865 3984 -
2541 3982 2554 3993 .
2641 3985 2648 3990 .

548 4087 555 4102 ,
808 4023 817 4034 ’
1527 4027 1591 4100 C
1656 4033 1683 4117 3
1785 4043 1793 4050 ·
1981 4031 1989 4045 ⁶
2380 4039 2538 4105 302.
2585 4012 2749 4083 Nec
