3391 4418
969 135 1048 223 C
1129 157 1186 214 o
1267 160 1334 221 Ν,
1413 159 1477 219 τ
1557 162 1614 219 x
1690 161 1747 220 A
1820 162 1879 221 c
1950 159 2015 222 ‘r
2089 164 2170 223 A.
2680 169 2793 248 79

469 276 499 323 1
514 249 675 326 o8t·
717 249 826 319 Ita
845 269 1024 318 mare
1071 252 1096 337 (
1117 244 1296 343 quod
1318 242 1603 320 {imiliter
1622 248 1661 320 εὶ
1677 272 1844 321 ten-a
1859 247 2028 322 {icca
2049 254 2428 323 continetur
2448 252 2511 328 §-
2540 278 2567 324 1
2583 278 2668 346 05
2681 261 2787 336 o.)

358 349 548 435 altius
564 349 740 421 estin
762 345 987 420 medio
1011 399 1036 434 ,
1061 349 1323 444 quoties
1341 375 1479 421 non
1493 352 1813 449 premitur
1835 380 1853 424 t
1882 376 1949 422 at
1969 358 2231 449 quoties
2247 350 2341 422 ibi
2361 350 2789 452 deprimitur,

357 450 446 521 ad
466 451 686 523 littora
704 446 930 521 affluit.
2300 467 2306 473 ·

460 576 484 619 1
501 556 588 626 08
601 577 667 622 2.
712 548 950 620 Preffio
968 545 1079 619 illa
1102 552 1294 621 maris
1314 548 1403 621 ibi
1427 553 1631 622 existit
1651 602 1676 638 ,
1706 548 1822 622 ubi
1837 554 2110 624 materia
2130 550 2389 625 caelestis
2406 610 2427 642 ‚
2457 576 2696 626 terram
2712 558 2784 624 &

343 647 569 722 lunam
586 650 889 750 peculiari
911 656 1158 721 vortice
1174 647 1471 724 deferens
1487 653 1551 752 §.
1570 663 1714 740 690
1734 648 1886 750 seqq
1900 706 1917 725 .
1938 659 2028 750 78
2041 661 2104 726 8.
2142 651 2440 728 Celerius
2458 654 2626 726 fluit.

450 778 478 824 1
491 756 580 824 08
594 777 624 842 3
639 801 659 821 .
703 748 997 822 Celerius
1017 749 1161 821 fluit
1178 748 1292 822 ubi
1315 748 1586 852 spatium
1611 751 1796 827 Coeli
1811 752 2109 836 redditur
2124 756 2443 854 angustius
2467 756 2528 856 §.
2550 757 2726 852 706.

438 857 643 943 1084.
695 856 991 953 Spatium
1030 849 1193 923 illud
1222 856 1391 925 inter
1429 878 1669 926 terram
1716 862 1787 925 &
1815 857 2083 926 vorticis
2102 878 2285 926 terrae
2304 862 2777 927 extremitatem

337 947 479 1120 §feu
495 1007 515 1034 ,
553 958 619 1023 in
636 952 745 1023 illa
770 975 953 1024 terrae
966 954 1236 1021 vorticis
1256 953 1579 1025 diametro
1604 961 1638 1046 )
1686 951 1985 1026 redditur
2008 955 2328 1054 angustius
2349 953 2384 1023 ὲ
2407 962 2606 1026 Luna:
2619 978 2781 1054 prae-

365 1077 556 1126 entia.

422 1177 463 1226 ἰ
477 1159 570 1227 08
586 1178 652 1245 5.
704 1155 787 1222 Et
827 1154 1146 1247 quoniam
1182 1172 1363 1220 terrae
1397 1156 1565 1223 eirca
1592 1157 1939 1255 proprium
1963 1178 2260 1227 centrum
2287 1150 2536 1222 delatio
2551 1154 2775 1250 viginti

340 1269 631 1350 quatuor
652 1246 838 1321 horis
854 1246 1208 1318 absolvitur
1222 1303 1240 1330 ‚
2502 1284 2508 1288 ·

445 1379 472 1422 1
487 1355 660 1422 086.
709 1355 786 1439 Si.
810 1352 875 1445 ip
884 1344 1004 1416 fius
1035 1343 1400 1443 superficies
1427 1351 1495 1416 in
1509 1370 1798 1443 quatuor
1820 1370 2034 1445 partes
2060 1345 2254 1420 divisa
2275 1349 2666 1446 intelligatur
2684 1350 2785 1431 A,

338 1453 389 1519 B
411 1452 538 1532 ,·C
555 1497 578 1530 ,
624 1451 719 1517 D.

444 1571 474 1617 1
490 1550 652 1640 087.
704 1549 897 1614 Luna
918 1566 1090 1613 nunc
1110 1547 1400 1614 eminens
1415 1539 1600 1642 supra
1615 1545 1674 1612 A
1693 1593 1716 1628 ‚
1737 1541 1889 1641 post
1905 1537 2006 1616 lex
2037 1540 2234 1616 horas
2256 1544 2474 1616 existet
2493 1541 2675 1645 supra
2696 1547 2773 1629 B,

343 1666 544 1742 atque
566 1649 657 1716 ita
670 1642 1003 1741 deinceps.
1611 1678 1614 1679 ν
2260 1660 2263 1667 ’

442 1771 471 1817 1
486 1748 649 1816 088.
704 1740 910 1816 Unde
929 1740 1212 1841 seqnitur
1223 1742 1545 1815 necesshm
1561 1739 1680 1814 effe
1698 1748 1720 1827 3
1744 1766 1818 1835 ut
1838 1744 2032 1815 maris
2047 1769 2220 1842 aqua
2240 1739 2496 1846 singulis
2510 1739 2771 1816 duode-

337 1848 470 1916 cim
486 1842 664 1918 horis
684 1850 749 1915 in
767 1868 905 1915 uno
925 1852 996 1916 Bc
1013 1841 1255 1914 eodem
1275 1842 1432 1914 loco
1451 1844 1611 1915 fluat
1628 1868 1705 1913 ac
1728 1843 1977 1915 refluat.

431 1951 634 2042 1089.
685 1950 776 2017 Et
800 1942 977 2017 hunc
1012 1939 1318 2014 effectum
1340 1969 1480 2014 non
1509 1943 1546 2016 εἰ
1574 1942 1892 2044 peculiari
1919 1942 2135 2042 aliqua
2169 1957 2332 2017 Luna
2357 1945 2646 2038 qualitate
2662 1932 2768 2009 vel

326 2044 663 2118 influentia
683 2091 707 2121 ‚
745 2069 875 2141 qua
895 2041 1285 2116 humoribus
1308 2043 1729 2119 dominetur,
1756 2044 2112 2144 proficisci;
2157 2039 2269 2116 sed
2289 2043 2482 2117 isole
2497 2040 2774 2112 Lunaris

323 2149 629 2245 corporis
646 2198 690 2231 ‚.
706 2143 901 2243 quod
921 2139 1065 2217 fitis
1085 2134 1336 2248 magna}
1358 2142 1560 2218 molis
1579 2146 1668 2217 est
1689 2194 1711 2224 ‚
1734 2143 2030 2245 prasentia
2048 2154 2118 2219 δε
2144 2142 2666 2247 interpositione-

434 2272 459 2316 1
473 2271 640 2334 090.
688 2250 796 2320 sic
831 2244 1044 2345 platea
1072 2245 1149 2317 fit
1187 2245 1514 2346 angustior
1527 2272 1612 2316 eo
1635 2245 1790 2316 loco
1811 2244 1923 2317 ubi
1940 2244 2208 2319 craffum
2226 2243 2500 2346 aliquod
2521 2263 2769 2338 corpus

371 2350 623 2418 unitur:
664 2343 839 2416 unde
869 2371 1076 2445 porro
1106 2351 1426 2444 contingit
1464 2399 1486 2431 ,
1538 2369 1611 2417 ut
1646 2368 1877 2416 ventus
1901 2352 1966 2417 in
2003 2348 2203 2417 latera
2236 2348 2467 2447 plateae
2505 2342 2761 2414 ibidem

322 2372 562 2615 {otc-Itius
579 2448 959 2612 fimpingens
991 2443 1191 2517 obvia
1209 2470 1492 2544 corpora
1513 2498 1535 2530 ,
1573 2444 1691 2516 nist
1708 2443 1870 2517 dura
1886 2445 1989 2518 vel
2003 2446 2141 2517 aliis
2159 2445 2414 2547 alligata
2433 2446 2555 2516 fint
2570 2493 2591 2522 ι
2635 2434 2755 2509 fibi

326 2569 404 2616 ce
457 2569 566 2614 ere
608 2566 800 2615 aciat.
1868 2591 1873 2592 ff

376 2709 464 2830 X
483 2746 566 2833 X
591 2698 721 2836 VI
743 2743 780 2825 1
802 2744 864 2826 Ι.
919 2751 1119 2852 Ignis
1141 2799 1173 2842 ‚
1199 2749 1270 2820 T
1259 2764 1432 2820 errae
1456 2760 1688 2820 motus
1706 2795 1735 2838 ,
1771 2735 2089 2821 wermae
2113 2807 2133 2840 ‚
2169 2746 2362 2824 Cin&
2386 2795 2410 2836 ‚
2444 2735 2693 2822 Carbo.

374 2965 399 3014 ι
418 2966 513 3040 09
533 2967 557 3012 1
572 2995 589 3012 .
612 2953 687 3110 I
706 2941 848 3009 Gnis
864 2933 941 3015 ἀ·
958 2959 1112 3028 aqua
1127 2938 1406 3008 maxime
1430 2931 1701 3031 quidem
1720 2933 1837 3006 fibi
1859 2933 2179 3009 adverssri
2202 2933 2504 3010 videntur
2526 2966 2544 3010 z

381 3065 406 3109 1
421 3068 508 3129 09
522 3068 556 3111 2
567 3088 584 3107 .
713 3042 1143 3112 Conveniunt
1159 3061 1379 3110 tamen
1395 3042 1461 3106 in
1476 3059 1585 3119 ee,
1604 3035 1795 3132 quod
1818 3041 1986 3136 ignis
2003 3039 2197 3109 instar
2210 3037 2496 3126 fluminis
2513 3061 2747 3135 perpe-

324 3141 441 3212 ωὸ
459 3144 746 3241 gignitur
764 3147 828 3211 &
847 3137 992 3209 fluit
1014 3190 1040 3222 ,

423 3263 633 3336 1093.
689 3244 1096 3336 Qanquam
1111 3232 1179 3307 id
1192 3260 1324 3333 prae
1344 3233 1670 3307 celeritate
1690 3233 1794 3307 vel
1809 3238 2010 3306 etiam
2030 3235 2326 3308 distantia
2342 3282 2365 3316 ‚
2380 3261 2452 3312 ut
2473 3241 2539 3310 in
2552 3232 2756 3306 stellis-

313 3330 425 3410 seu
446 3337 702 3440 ignibus
723 3335 1070 3408 caelestibus
1094 3388 1115 3421 ,
1154 3360 1278 3407 nos
1299 3337 1511 3410 lateat.

421 3464 630 3529 1094„
678 3436 802 3508 Sed
820 3440 987 3537 ignis
1007 3435 1183 3536 apud
1203 3461 1326 3508 nos
1352 3439 1507 3531 (qui
1524 3458 1667 3503 non
1681 3432 1983 3532 estpurus
1999 3447 2031 3509 '2
2068 3454 2141 3503 ut
2159 3439 2227 3505 in
2247 3433 2400 3508 Sole
2421 3487 2443 3520 ,
2471 3430 2581 3504 sed
2599 3456 2749 3529 par-

315 3538 544 3618 ticulas
568 3543 738 3611 tertii
766 3534 1072 3609 elementi
1109 3533 1423 3607 admixtas
1453 3529 1656 3601 habet
1670 3539 1702 3605 ‚·
1734 3532 1926 3628 quod
1967 3528 2070 3604 vel
2094 3539 2237 3605 color
2267 3536 2506 3611 docet)
2542 3536 2637 3602 ori
2686 3532 2749 3598 i..

312 3662 468 3711 nem
487 3649 559 3714 ὅ(
578 3660 881 3710 naturam
895 3637 1029 3727 jam
1048 3631 1499 3732 investigemus
1518 3660 1540 3704 a
1556 3629 1710 3702 cum
1726 3656 1865 3703 non
1885 3631 2097 3705 solum
2117 3633 2198 3702 eo
2218 3658 2340 3704 nos
2363 3636 2592 3702 invitet
2605 3555 2746 3708 iffa,

313 3763 518 3833 quam
543 3736 757 3812 modo
789 3735 1070 3826 diximus
1093 3788 1110 3813 .
1152 3758 1339 3829 aquae
1379 3753 1517 3803 tum
1556 3728 1896 3829 oppofitio
1923 3753 2064 3801 tum
2081 3724 2477 3814 fimilitud03
2509 3730 2740 3801 verum

313 3846 509 3910 etiam
543 3832 982 3914 confideratio
1018 3831 1421 3932 superiorum
1443 3883 1462 3915 ,
1502 3827 1614 3900 ubi
1640 3852 1877 3926 praeter
1895 3824 2068 3900 Solis
2083 3829 2375 3916 calorem
2390 3829 2741 3916 docuimus

314 3941 542 4040 ignem
561 3945 631 4030 iq
654 3943 841 4034 terris
853 3940 1120 4037 repetiti
1139 3986 1163 4022 ‚
1199 3938 1316 4031 qui
1342 3953 1616 4031 vapores
1638 3926 1897 4004 attollat
1910 3934 1949 4010 9
1958 3978 1988 4000 .
2016 3953 2042 3999 1
2055 3952 2141 4003 02
2153 3940 2222 4004 6.

1581 4040 1584 4043 '
2532 4041 2745 4106 1095„
