3391 4418
1106 113 1848 205 Pneueit
1964 124 2275 215 XXV.
2736 166 2891 241 ²09

461 232 554 304 est
572 276 594 308 ‚
627 227 786 302 dum
824 224 1013 327 {uper
1048 251 1182 302 uno
1200 231 1456 328 puncto
1481 233 1546 299 in
1564 256 1797 332 gyrum
1811 241 2056 335 agitur,
2094 243 2527 317 immobiliter
2544 252 2877 346 quodam-

408 425 413 430 ·
455 328 673 406 modo
716 336 785 401 δε
813 323 1211 425 quiestendo
1240 351 1585 411 movetur,
1637 338 1702 402 in
1735 337 1978 409 eodem
2014 339 2262 442 semper
2288 345 2447 418 loco
2480 350 2870 430 confistensg

454 427 645 531 quod
665 436 735 499 ὅ(
750 426 1063 528 pyramidi
1083 435 1301 500 evenit
1315 429 1533 500 circuli
1556 437 1805 504 tatione
1825 443 1957 507 &c.
2857 491 2862 494 .

551 556 587 602 2
602 558 630 622 3
647 583 664 602 .
719 531 1049 600 Hmstenus
1080 553 1157 598 ea
1180 525 1374 599 fufius
1399 533 1809 604 tratstavimus
1832 562 1972 633 quae
1993 539 2075 611 ad
2097 545 2711 640 Pbystcamgeneralem
2732 552 2869 653 spe..

451 633 632 702 &ant
652 681 674 714 ,
717 624 1070 719 cujufinodi
1089 626 1349 699 suntilla
1370 626 1454 698 de
1471 652 1699 703 natura
1721 634 2045 737 Corporis
2067 649 2137 714 δε
2158 648 2232 715 M
2241 651 2453 717 ateriae
2470 698 2491 731 ,
2515 647 2597 718 de'
2619 646 2856 749 spatie,

448 729 531 801 de
563 732 804 801 Formis
823 753 1180 828 corporum
1199 773 1221 807 ‚
1254 727 1681 827 &praesettim
1705 731 1786 804 de
1808 740 2010 809 Motu
2033 749 2100 812 δι
2133 748 2380 839 Qete
2402 797 2424 829 ,
2460 747 2859 849 tandemque

445 828 528 899 de
560 833 812 930 Pigura.
861 832 1066 900 Nunc
1103 827 1496 900 veniendum
1513 832 1602 900 est
1621 830 1705 902 ad
1725 835 2311 939 Plyvficaemspecialem
2331 899 2346 924 ‚
2387 869 2463 914 cu
2465 855 2565 942 jus
2580 850 2858 947 quidem

434 933 761 1029 ptaecipua
781 921 1212 998 fundamenta
1225 922 1524 1000 secuturis
1541 929 2109 1031 Disputationibus
2122 941 2378 1038 plenius
2402 948 2856 1044 interpretabi-

432 1053 605 1099 mut.
675 1024 967 1123 Reliqua
1001 1029 1179 1095 enim
1222 1031 1287 1095 in
1321 1024 1581 1118 Phyfica
1623 1038 1959 1106 contradita
1993 1046 2066 1109 δε
2103 1064 2461 1138 corporum
2492 1049 2855 1123 viventium

431 1125 727 1197 Theoria
743 1121 1075 1221 specialius
1089 1129 1510 1224 attinguntur.
1563 1130 1644 1198 Et
1666 1133 1887 1229 ptimo
1911 1136 2181 1233 quidem
2193 1137 2616 1214 Mundushic
2633 1145 2846 1220 vifibi-

423 1223 506 1299 lis
523 1236 589 1297 in
608 1248 826 1324 partes
840 1229 1229 1324 integrantes
1253 1220 1451 1294 nobis
1470 1224 1856 1302 dividendus
1870 1236 1986 1304 est.

1229 1387 1637 1472 DtsP.
1749 1389 2065 1479 XXV.

671 1545 1047 1626 mundus
1065 1543 1537 1661 adspethbt'lic
1556 1546 1927 1630 dividitur
1943 1556 2026 1631 in
2044 1574 2331 1664 corpora
2355 1557 2596 1640 lumen

800 1666 1207 1742 emittentia
1225 1730 1243 1757 ,
1278 1661 1852 1769 transmittentiae
1872 1660 1960 1758 ἀ
1984 1672 2457 1754 remittentis.

426 1844 455 1892 1
469 1865 490 1886 .
512 1820 627 1980 S
646 1814 672 1880 1
702 1813 770 1879 in
798 1810 1196 1911 particularis
1232 1821 1301 1885 &
1319 1815 1554 1911 exiguae
1573 1810 1839 1903 alicujus
1859 1819 1949 1883 rei
1967 1810 2280 1884 divifione
2304 1819 2479 1886 redte
2495 1812 2835 1888 dividendi

399 1942 410 1949 ·
644 1910 819 2012 leges
858 1911 1133 1984 minime
1169 1911 1573 2013 negligendae
1614 1907 1757 1983 sunt
1776 1965 1796 1996 ,
1838 1913 2052 1986 multo
2072 1919 2277 2014 magis
2300 1940 2391 1989 eae
2412 1912 2831 1988 observandae

412 2035 602 2089 erunt
619 2065 641 2099 ,
674 2012 792 2084 ubi
830 2037 1049 2086 totum
1066 2013 1201 2085 hoc
1213 2009 1604 2086 Universum
1623 2017 1687 2083 in
1704 2017 2037 2112 primarias
2054 2039 2271 2113 partes
2287 2013 2831 2089 distribuendum.

407 2119 562 2189 Nos
599 2116 620 2181 i
668 2119 794 2184 itur
816 2117 1024 2184 Mundi
1054 2117 1215 2213 hujus
1250 2115 1578 2211 aspectabile
1596 2132 1826 2205 corpora
1839 2118 1899 2184 iti
1913 2134 2073 2185 certa
2090 2137 2157 2184 ac
2169 2119 2663 2213 precipuagenera
2680 2120 2834 2189 divi-

396 2215 521 2310 βῆ
550 2139 834 2283 Γοέἀιιω
855 2212 1191 2285 divisionis
1215 2207 1721 2286 fundamentum
1740 2211 2052 2312 affignare
2075 2259 2099 2292 ²
2136 2214 2439 2288 membra
2459 2217 2823 2290 dividentia

410 2313 535 2382 rite
568 2313 738 2379 inter
766 2309 824 2380 se
854 2337 1202 2412 opponere
1224 2364 1246 2397 ,
1275 2336 1400 2385 nec
1426 2313 1553 2385 alia
1571 2337 1773 2410 quam
1789 2319 1882 2382 tei
1902 2311 2268 2387 dividendae
2290 2342 2585 2417 congrua
2611 2327 2680 2390 ὅ(
2700 2316 2821 2388 ad.

411 2426 662 2509 aequata
678 2402 971 2504 proferte
990 2407 1412 2484 studebimus-
1993 2420 1996 2421 ⁷

511 2534 577 2580 2.
626 2509 756 2577 His
769 2509 1038 2605 Logicae
1051 2514 1204 2578 attis
1216 2517 1550 2608 ptaeceptis
1566 2510 1777 2607 probe
1799 2510 2219 2581 consideratis
2240 2519 2308 2580 ὅ(
2327 2509 2649 2583 Universo
2671 2538 2827 2586 cor-

398 2632 619 2709 poteo
643 2606 840 2675 animi
860 2609 1102 2705 pariter
1115 2613 1187 2676 δι
1202 2612 1502 2705 corporis
1521 2605 1729 2678 oculis
1740 2607 2125 2703 perlustrato
2146 2656 2165 2688 ,
2195 2631 2475 2701 corpora
2494 2610 2819 2680 mundum

338 2770 343 2775 t
401 2701 912 2803 adspeCkabilem
942 2703 1395 2776 constituentia
1422 2710 1489 2776 in
1523 2710 1639 2777 tria
1658 2701 1906 2774 summa
1925 2727 2165 2802 genera
2188 2698 2615 2802 dispestimus.
2669 2705 2819 2779 Alia

398 2811 577 2879 enim
588 2810 781 2877 lamen
794 2806 940 2897 exst
950 2805 1225 2877 emittunt
1246 2857 1266 2886 ,
1280 2809 1376 2875 uti
1389 2805 1505 2877 Sol
1524 2832 1542 2876 z
1564 2803 1683 2874 alia
1704 2804 1927 2886 lumen
1952 2801 2374 2898 transmittunt,
2394 2810 2486 2876 uti
2507 2808 2566 2878 C
2575 2807 2776 2879 oelum
2792 2839 2814 2894 ς

397 2907 521 2979 alia
558 2905 785 2977 lumen
815 2909 1161 2990 remittunt,
1195 2900 1378 2976 ficuti
1400 2907 1625 2976 Terra.
1684 2911 1859 3007 Qae
1880 2903 2102 2975 lumen
2119 2906 2461 2990 emittunt,
2495 2932 2816 2981 vocantur

394 3031 680 3107 corpora
694 3007 942 3088 Lucida
970 3030 1122 3102 quae
1146 3001 1582 3078 transmittunt
1599 3057 1622 3088 ,
1653 3004 1955 3100 Luminofh
1976 3057 1998 3089 ,
2034 3000 2360 3103 pellucida
2381 3057 2405 3091 ,
2436 3000 2808 3106 perspicua,

392 3105 748 3207 diaphan23
786 3130 930 3204 quae
947 3110 1289 3177 remittunt
1306 3158 1330 3190 ,
1362 3118 1553 3199 Opaca
1573 3158 1595 3190 ,
1628 3099 1956 3176 umbrosa.

366 3262 371 3267 .
459 3265 470 3274 .
492 3229 529 3303 3
544 3256 565 3277 .
610 3205 865 3278 Divifio
892 3204 1033 3276 haec
1050 3204 1342 3305 petituri
1358 3209 1676 3305 praecipua
1695 3209 1980 3276 matetiae
2001 3204 2345 3275 mundanae
2365 3211 2761 3306 proprietate
2776 3254 2802 3290 ‚

388 3302 769 3379 divetfitatis
789 3330 867 3377 ac
881 3301 1245 3377 formatum
1263 3310 1562 3376 omnium
1579 3327 2047 3403 corporearum
2063 3308 2273 3403 prima
2293 3310 2544 3405 origine
2558 3360 2579 3391 ‚
2596 3308 2667 3383 id
2683 3309 2805 3393 est,

383 3416 587 3479 Motuz
627 3403 818 3503 quod
838 3404 1082 3478 indicat
1093 3409 1355 3479 mittendi
1374 3403 1645 3476 verbum
1666 3428 1766 3476 ter
1780 3406 2154 3502 repetitum.
2205 3409 2457 3476 Lumen
2476 3408 2653 3476 enim
2667 3402 2800 3478 sule

380 3529 573 3579 motu
589 3503 814 3602 aliquo
835 3531 1045 3603 neque
1061 3510 1192 3579 exit
1209 3558 1231 3590 ,
1269 3530 1484 3603 neque
1511 3501 1734 3578 transit
1749 3556 1771 3587 ,
1808 3528 2022 3599 neque
2044 3503 2233 3576 redit.

476 3635 551 3701 4.
600 3608 683 3677 Et
701 3604 971 3703 quidem
993 3605 1027 3677 ai
1054 3605 1165 3678 tali
1187 3630 1377 3678 motu
1398 3605 1767 3705 petiturista
1787 3600 2018 3695 divisio
2036 3658 2058 3690 ,
2091 3630 2228 3700 quo
2255 3603 2406 3698 Visun
2423 3657 2445 3688 ‚
2492 3608 2797 3679 omnium

380 3702 668 3777 sensuum
684 3704 1059 3777 nobiliffimi
1071 3704 1501 3803 latiffimeque
1517 3710 1796 3806 patentis
1811 3728 2135 3801 organum
2156 3749 2178 3783 ‚
2211 3701 2469 3788 oculus,
2482 3702 2758 3777 afficitur
2775 3733 2793 3777 t

226 3860 233 3865 -
378 3805 569 3904 quod
596 3812 687 3877 rei
707 3860 729 3893 ,
762 3805 848 3878 de
869 3831 1000 3905 qua
1012 3812 1259 3907 agitur,
1291 3812 1581 3906 apprime
1599 3807 1928 3904 congruit.
1977 3802 2353 3876 Dividimus
2370 3805 2630 3874 enimin
2647 3829 2797 3903 par-

350 4006 356 4012 ⁵
375 3926 473 3982 tes
494 3911 885 4012 integrantes
915 3911 1197 3982 Mundum
1213 3906 1659 4011 qdspellabilem.
1711 3905 1892 4077 1313}
1885 3902 2213 4004 poflemus
2235 3902 2322 3976 ab
2341 3901 2470 3976 ulla
2484 3900 2570 3973 ad
2593 3902 2790 3971 alium

2559 4016 2794 4093 quem-
