3391 4418
558 148 740 246 284
1347 128 1437 219 T
1508 156 1573 214 H
1612 157 1627 166 *³
1652 154 1705 212 E
1788 152 1846 210 o
1927 154 1985 210 R
2061 157 2093 211 1
2170 150 2229 208 A

662 283 773 334 10.
828 253 919 324 At
945 245 1267 346 quoniam
1302 268 1542 344 corpus
1566 268 1643 314 or
1689 244 1951 312 anicum
1975 291 1997 324 ,
2032 232 2779 338 partium'&figuratum
2801 240 2983 308 varia

557 379 810 437 textura
825 358 897 424 in
916 345 1218 420 machina
1233 369 1505 444 quoque
1524 269 1839 415 artissciali
1857 393 1881 426 ‚
1917 347 2075 413 item
2097 338 2411 410 cadavere
2431 335 2537 410 vel
2553 334 2778 437 planta
2800 362 2990 410 mor-

561 488 673 536 tua
686 456 960 529 inveniri
978 446 1278 549 possimt3

669 587 694 631 1
720 584 777 631 1.
824 551 1141 627 Viventia
1168 545 1251 620 ab
1283 537 1607 626 attefastis
1634 538 1760 624 illis
1793 564 1869 609 ac
1890 541 2167 613 mortuis
2182 534 2575 638 corporibus
2589 542 2659 609 in
2685 564 2770 610 eo
2796 534 2990 610 diffc-

566 681 718 733 runt
739 699 761 732 ‚
790 647 975 750 quod
980 649 1171 745 succus
1186 646 1414 742 aliquis
1435 688 1456 718 ‚
1479 668 1617 739 quo
1634 639 1890 712 aluntur
1904 649 1975 713 &
1990 636 2281 712 crescunt
2301 689 2321 726 ,
2336 662 2456 738 per
2474 661 2729 711 meatus
2748 666 2992 714 eorum

565 764 641 833 in
675 777 907 828 omnes
934 769 1146 848 partes
1170 796 1194 833 ,
1231 753 1300 818 &
1328 742 1606 843 quidem
1623 744 1693 812 in
1708 739 1984 841 longum
2002 784 2026 821 ‚
2059 741 2267 813 latum
2287 734 2787 840 &profundum
2803 794 2828 830 ‚
2861 736 2996 814 dif-

569 854 884 931 funditur.
939 846 1060 921 Ph.
1089 870 1295 932 117²--
1767 921 1768 924 Ἴ

603 1014 617 1021 -
681 981 793 1028 12..
850 944 1264 1022 Diffunditur
1302 965 1523 1014 autem
1563 965 1640 1010 ac
1655 933 2726 1037 distribuitutejusmodisuccusin
2746 964 3006 1040 corpo-
3065 981 3071 985 -

500 1043 507 1048 .
579 1082 723 1132 rum
741 1056 1100 1126 viventium
1118 1068 1333 1145 partes
1351 1041 1678 1113 beneficio
1690 1044 1886 1112 caloris
1899 1037 2095 1112 &Sole
2108 1039 2319 1111 aliove
2332 1042 2485 1141 igne
2497 1035 3002 1142 proficiscentis.

673 1179 766 1247 13.
817 1156 916 1222 Ita
941 1171 1015 1220 ut
1044 1171 1188 1244 quae
1219 1143 1303 1215 de
1322 1139 1666 1215 caelestium
1684 1145 1750 1212 in
1765 1139 2148 1211 subcaelestia
2168 1141 2431 1212 afflone
2448 1138 2998 1243 generatim'dixi·

581 1280 727 1330 mus
758 1249 874 1327 Ph.
897 1255 987 1338 78
1002 1271 1066 1343 5.
1085 1241 1222 1345 sqq.
1262 1251 1330 1317 δι
1366 1239 1695 1342 speciatim
1721 1240 1801 1312 de
1832 1237 2249 1312 metallorum
2271 1246 2339 1311 in
2357 1246 2539 1313 terris
2547 1264 2876 1342 proventu
2891 1269 3001 1314 re-

581 1356 929 1461 petivimus
945 1346 1067 1422 Ph.
1100 1373 1125 1417 1
1142 1369 1300 1441 199.
1332 1347 1496 1418 Hoc
1508 1338 1879 1417 etiamloco
1898 1341 1985 1416 ad
2004 1341 2261 1443 plantas
2279 1349 2348 1415 &
2368 1342 2670 1415 animalia
2693 1365 3001 1446 oporteat

586 1455 942 1561 applicare.

596 1585 599 1588 Ι
758 1626 801 1712 I
817 1619 935 1705 11.
992 1622 1156 1701 Vita
1172 1643 1256 1696 ac
1271 1615 1631 1729 vegetatio
1643 1619 1723 1697 in
1740 1608 1966 1694 calido
1984 1609 2077 1706 ό·
2092 1607 2382 1693 humido
2397 1629 2812 1723 temperato.

685 1795 790 1862 14.
846 1775 1279 1867 Qpropter
1325 1766 1542 1833 omnis
1596 1755 1730 1833 vita‘
1777 1778 2036 1854 corporea
2069 1762 2130 1829 in
2163 1757 2347 1829 calido
2367 1757 2441 1834 ά·
2471 1755 2707 1828 humido
2731 1755 3011 1854 consistere

588 1868 789 1971 vulgo
809 1868 1082 1942 dicitur:
1115 1884 1399 1959 quorum
1414 1856 1577 1930 illud
1597 1860 1848 1958 agentis
1863 1910 1884 1938 ,
1920 1856 2054 1930 hoc
2070 1860 2371 1960 patientis
2387 1860 2710 1928 tutionem
2730 1854 2958 1930 habet.

702 1996 730 2040 1
748 1990 816 2064 ς.
864 1966 1064 2036 calidi
1095 1983 1311 2032 autem
1338 1966 1606 2031 nomine
1630 1956 1943 2060 intelliges
1958 1966 2184 2059 Ignem
2204 1955 2391 2029 iilum
2414 1954 2755 2030 ardentem
2777 1968 2849 2033 &
2867 1982 3018 2032 non·

592 2069 923 2144 lucentem
942 2114 963 2147 ,
997 2061 1081 2132 de
1098 2085 1235 2158 quo
1253 2056 1376 2131 Ph.
1402 2083 1469 2132 11
1488 2084 1605 2154 50.
2026 2099 2031 2104 ·
2855 2085 2864 2093 ·

696 2195 725 2242 1
740 2176 807 2241 6.
862 2159 1069 2234 Calor
1088 2163 1454 2234 viventium
1470 2160 1660 2233 vitatis
1673 2162 2218 2257 cognominatur,
2248 2164 2320 2231 ὗε
2336 2153 2571 2255 acdesti
2587 2211 2608 2245 ,
2642 2148 3024 2254 cujusmodi

566 2270 637 2344 -21
660 2266 816 2344 Sole
845 2258 1308 2365 proficiscitur,
1341 2285 1537 2360 atque
1563 2262 1934 2339 elementari,
1972 2256 2176 2361 qualis
2208 2262 2274 2329 in
2293 2263 2442 2359 igne
2469 2260 2780 2333 culinario
2799 2284 2898 2334 ex.
2915 2284 3015 2361 gr.

595 2369 690 2441 est
705 2423 732 2458 ,
757 2365 1192 2465 distinguitur.
2481 2360 2488 2367 ’
3021 2370 3032 2377 ’

703 2494 817 2558 17.
864 2461 1208 2537 Gradibus
1238 2487 1458 2534 tamen
1485 2458 1756 2560 potiiw,
1791 2458 1991 2557 qualm
2027 2458 2255 2533 natura
2273 2476 2473 2557 atque
2485 2454 2755 2532 effentii
2777 2510 2799 2544 ,
2831 2455 3018 2531 calo.»

595 2595 740 2645 rem
770 2565 1083 2645 caelestem
1103 2617 1133 2651 2
1159 2562 1626 2636 elementarem
1654 2584 1734 2631 ac
1752 2560 2019 2635 vitalem
2034 2559 2290 2635 differre
2306 2555 2678 2660 judicabis,
2707 2557 2824 2632 ubi
2845 2586 3016 2660 ope-

599 2676 891 2746 rationes
912 2661 1400 2763 uniuscujusque
1415 2658 1798 2734 attendetis,
2093 2710 2102 2715 .
2281 2666 2288 2673 “
2525 2668 2532 2677 “
2663 2732 2670 2738 ,
2703 2670 2736 2745 ᾗ

701 2774 805 2844 18.
856 2772 1076 2867 Atque
1117 2789 1189 2838 ut
1222 2769 1438 2836 omnis
1474 2766 1641 2863 ignis
1673 2757 1994 2861 pabulum
2033 2761 2113 2834 ali
2212 2758 2308 2835 od
2320 2762 2630 2859 requirite
2674 2766 2766 2835 ita
2778 2755 3025 2861 specia-

600 2874 727 2939 tim
749 2866 928 2940 calor
942 2865 1148 2939 vitalis
1162 2861 1396 2961 absque
1412 2865 1639 2933 humore
1657 2859 1955 2959 quodam
1976 2786 2335 2935 conffivari
2354 2864 2601 2960 nequit.

703 2994 813 3062 19.
865 2962 1443 3064 Qndoquidem
1465 2984 1687 3032 autem
1712 2965 1993 3033 viventia
2005 2970 2231 3036 necita
2250 2960 2465 3034 calent
2482 2985 2557 3035 ut
2575 2964 2790 3036 confla
2841 2989 3024 3049 rent,

606 3092 730 3139 nec
766 3072 858 3137 ita
889 3064 1165 3136 hument
1185 3085 1259 3133 ut
1287 3058 1586 3133 diffluant
1606 3112 1627 3145 ,
1659 3083 1845 3160 patet
1861 3060 2145 3135 calidum
2165 3068 2235 3134 in
2258 3061 2377 3134 illis
2392 3056 2642 3162 frigido
2662 3117 2683 3150 ,
2719 2993 3025 3137 &fiumi-

605 3165 769 3341 dffm
785 3162 956 3235 (icco
973 3159 1271 3262 quodam
1295 3214 1317 3248 ,
1337 3184 1579 3232 naturae
1600 3157 2083 3264 uniuscujusque
2096 3187 2569 3268 congruenter,
2586 3166 3034 3266 temperatum

605 3291 641 3337 e
695 3293 756 3337 e.
1650 3292 1669 3305 ·

715 3396 748 3442 2
763 3391 831 3438 o.
890 3367 1050 3437 Hoc
1070 3359 1354 3435 Medicis
1376 3360 1734 3462 appellatur
1755 3355 2250 3458 temperamentum
2266 3363 2629 3463 aedJ'uflitiam
2651 3390 2671 3435 .·
2705 3365 2884 3466 quod
2908 3390 3036 3463 op-

604 3472 876 3570 ponitur
897 3486 1421 3563 temperamento
1434 3466 1511 3533 ad
1516 3466 1749 3555 pondus,
1776 3464 1890 3535 ubi
1909 3466 2119 3552 calor,
2133 3463 2210 3538 fri
2256 3492 2359 3553 us,
2377 3464 2767 3553 humiditas,
2783 3465 3042 3541 ficcitas.

606 3574 782 3642 inter
799 3563 857 3636 se
876 3560 1185 3667 gradibus
1204 3564 1443 3662 aequari
1458 3562 1904 3665 intelliguntur
1925 3593 1942 3635 ε
1980 3564 2172 3664 quale
2189 3495 2468 3641 ‘firraffis
2483 3592 2622 3638 non
2637 3567 2850 3640 datur.
3045 3574 3050 3581 “

711 3692 751 3736 2
770 3692 828 3735 1.
882 3667 1229 3765 Qoniam
1252 3670 1447 3771 igitur
1460 3662 1695 3758 justum
1711 3661 1997 3740 calidi&
2021 3662 2276 3768 frigidi,
2314 3664 2575 3739 humidi
2597 3675 2669 3739 &
2691 3664 2838 3739 ficei
2856 3674 3048 3739 tem-‘

608 3788 1064 3864 peramentum
1092 3771 1161 3836 in
1181 3759 1552 3838 viventibus
1575 3766 1928 3861 requiritur
1947 3820 1971 3853 ‚
2005 3765 2159 3841 hinc
2175 3770 2268 3843 est
2281 3765 2468 3867 quod
2483 3761 2882 3868 perfectiora
2894 3773 3046 3841 ani-

547 3946 563 3958 ,
608 3864 809 3940 malia
822 3861 977 3933 cibo
997 3861 1179 3937 simul
1193 3871 1257 3938 &
1281 3888 1449 3964 potu
1465 3860 1785 3965 indigent.
2333 3863 2338 3869 ’
2755 3947 2770 3957 θ

707 3991 751 4037 2
767 3972 831 4045 ιζ.
886 3966 1052 4035 Item
1069 4016 1092 4050 ,
1122 3964 1317 4063 Aquod
1333 3961 1551 4036 succus
1563 3963 1783 4037 omnis
1795 4007 1823 4042 2
1837 3989 1980 4064 quo
1999 3969 2367 4048 nutriuntur
2377 3968 2690 4063 viventia,
2705 3964 3039 4075 pulvistuv-

604 4058 690 4139 lis
702 4062 1022 4140 durorum
1046 4088 1411 4173 corporum
1424 4064 1516 4140 est
1531 4057 1888 4172 inspersus-2·
2356 4067 2360 4071 ’
2559 4063 2568 4071 ’
2754 4094 2872 4170 ²3?
2889 4070 3058 4143 De·-
