3391 4418
912 68 2390 196 Coi-truacrit.¹
2704 149 2795 204 rr

366 296 375 301 ,
482 222 1127 318 156.-quuudque
1162 243 1384 319 corpus,
1411 249 1532 324 per
1550 221 1612 297 se
1634 232 2053 311 trutinatum,
2089 252 2214 300 nec
2225 225 2490 307 aliunde
2500 232 2816 332 praepedi-

371 348 516 397 tum
535 377 561 409 ,
589 319 739 394 rea)
755 325 963 392 motari
979 326 1190 417 pergit.

493 447 655 516 157.
721 418 916 493 Adeo
941 444 1038 499 ut,
1059 448 1206 521 quae
1234 417 1318 492 ab
1338 423 1476 497 aliis
1498 421 1700 497 causis
1737 424 2152 499 orbiculatim
2164 451 2462 528 aguntur.
2483 430 2546 531 §.
2574 455 2645 523 ¹3
2667 455 2728 503 1.
2761 426 2801 500 ὲ

373 521 624 596 circulo
644 573 667 607 ,
701 546 899 618 quem
916 518 1166 594 faciunt
1183 567 1208 604 ,
1248 528 1424 597 reffa
1439 523 1609 598 linea
1623 550 1948 599 recurrere
1963 532 2305 602 intentent.

481 648 510 696 1
532 625 638 716 58.
690 623 864 692 Ecce
886 620 1180 723 lapidem
1200 666 1225 699 ‚
1246 627 1364 719 qui
1392 621 1598 698 funda
1617 647 1866 699 rotatus
1898 651 2182 725 quoquo
2195 624 2412 702 ·versus
2429 625 2656 701 funem
2682 650 2795 701 ex-

374 720 615 808 trahit,
646 744 839 820 atque
871 722 958 794 eo
998 719 1484 810 vehementius,
1519 725 1658 824 quo
1671 722 1838 827 lapis
1853 722 2121 799 solidior
2137 750 2248 799 aut
2260 734 2502 803 rotatio
2515 726 2793 800 celerior

370 823 488 895 est.

364 948 367 953 ·
501 947 528 992 1
544 944 657 1014 59.
717 919 890 996 Illud
906 919 1110 1021 lapidi
1139 947 1279 994 non
1316 922 1360 997 ὲ
1388 929 1699 1024 gravitate
1721 976 1745 1009 ‚
1773 930 1964 1021 *cujus
1994 925 2369 1025 particulari
2405 928 2472 997 vi
2504 950 2790 1027 corpora

372 1019 622 1122 semper
653 1019 961 1097 deorsum
984 1066 1008 1098 ‚
1039 1047 1380 1121 nunquam
1398 1020 1636 1097 tursum
1654 1020 1977 1111 feruntun
2005 1023 2170 1099 seda
2199 1028 2499 1097 vi-motus
2519 1051 2792 1128 genera-

368 1120 418 1195 li
437 1175 458 1202 ,
495 1144 698 1220 quam
724 1128 791 1193 in
815 1146 1055 1195 naturae
1071 1121 1213 1222 lege
1233 1122 1431 1194 altera
1446 1129 1758 1222 ponimus
1777 1175 1800 1209 ,
1839 1123 2065 1196 datum
2082 1124 2196 1197 est.
2249 1196 2258 1205 ,

471 1234 623 1294 160.
679 1216 1020 1296 Nimirum
1087 1246 1182 1292 uae
1196 1246 1394 1319 opere
1413 1223 1685 1319 quidem
1702 1219 1844 1321 ipso
1858 1221 1940 1293 ab
1957 1251 2040 1298 eo
2065 1225 2252 1304 statu,
2269 1247 2408 1319 quo
2429 1223 2608 1303 tecla
2625 1226 2750 1292 itur
2769 1276 2793 1309 ,

374 1319 771 1394 declinando
789 1248 1243 1393 incurve‘l‘cunt
1262 1371 1283 1404 ,
1312 1324 1490 1389 reela
1509 1343 1730 1390 tamen
1753 1320 1957 1389 eundi
1977 1320 2182 1393 nisum
2201 1344 2513 1392 tutantur.
2555 1323 2795 1417 Perpe-

370 1420 500 1491 tuo
521 1413 765 1491 servant
777 1438 1044 1490 conatum
1063 1468 1087 1501 ,
1115 1412 1552 1514 licetpersaepe
1571 1416 1996 1486 destituantur
2013 1421 2205 1513 effeflu
2222 1445 2240 1486 z
2260 1415 2393 1487 hoc
2418 1419 2655 1499 est,(ne
2680 1444 2802 1489 co·

373 1539 608 1589 natum
639 1518 836 1589 istum
861 1538 1263 1612 corporeum
1286 1537 1438 1585 cum
1470 1539 1556 1585 eo
1580 1566 1602 1600 ,
1633 1516 1749 1610 qui
1772 1516 1845 1583 in
1877 1519 2102 1587 animo
2123 1519 2450 1613 cogitante
2469 1515 2560 1586 est
2576 1570 2598 1603 ‚
2638 1542 2805 1606 con-

381 1610 622 1684 fundas
635 1614 692 1711 §.
730 1640 765 1685 2
783 1640 841 1705 3.
868 1614 896 1693 )
919 1618 1008 1682 ita
1023 1608 1167 1683 sunt
1181 1609 1389 1712 polita
1404 1635 1596 1712 atque
1629 1610 1716 1684 ad
1738 1636 2003 1686 motum
2022 1619 2289 1688 incitata
2307 1669 2331 1701 ‚
2347 1637 2420 1688 ut
2431 1614 2798 1721 progteffie

379 1709 540 1785 ess‘et
559 1715 770 1797 rec-ta,
810 1707 857 1781 fi
876 1708 1056 1785 aliud
1089 1718 1441 1810 quicquam
1470 1738 1607 1785 non
1628 1709 2058 1791 obniteretur.

497 1837 524 1882 1
541 1821 642 1883 61.
693 1816 924 1910 Itaque
946 1835 1255 1884 conatum
1278 1857 1301 1889 2
1323 1810 1497 1885 nulla
1514 1838 1582 1884 re
1604 1809 1869 1885 adversa
1885 1868 1907 1901 ‚
1925 1810 2576 1915 effestusinsequitur:
2596 1840 2672 1890 ex
2684 1840 2803 1891 co-

374 1917 483 2009 rio
504 1913 682 1983 enim
706 1907 926 1983 fundae
956 1917 1320 2013 interrupto
1340 1912 1497 2013 lapis
1512 1911 1734 1986 evolat
1756 1916 1932 1985 resta
1959 1940 2257 2016 pergens.

481 2037 511 2082 1
524 2018 638 2085 62.
698 2009 947 2083 Adhaec
966 2065 991 2099 ,
1013 2033 1202 2106 corpus
1220 2068 1236 2094 ‚
1252 2016 1395 2105 quod
1405 2031 1656 2087 movetur
1672 2067 1697 2099 ‚
1729 2017 1840 2085 alii
1853 2016 2080 2088 obvians
2095 2027 2200 2110 (ut
2217 2015 2294 2088 fit
2311 2068 2335 2104 ‚
2355 2021 2508 2115 quia
2525 2040 2805 2092 vacuum

369 2136 513 2186 non
533 2108 724 2184 datur
739 2130 779 2191 ‚¹
801 2111 1172 2214 exemplum
1197 2112 1259 2213 §.
1285 2138 1311 2184 ι
1325 2122 1371 2195 .)

463 2223 548 2285 16
558 2239 587 2304 3
603 2266 622 2286 .
672 2217 736 2283 Si
734 2209 1032 2306 facultate
1060 2220 1217 2285 reda
1246 2201 1481 2309 itandi§
1495 2264 1511 2284 .
1532 2237 1602 2307 15
1618 2221 1684 2287 6.
1695 2215 1800 2284 alii
1818 2209 2081 2312 resistenti
2109 2213 2274 2285 cedat
2294 2260 2318 2297 ‚

477 2321 641 2402 164.
702 2311 985 2410 Aliorsum
1005 2312 1187 2406 flectit
1200 2312 1302 2410 §.3
1322 2315 1511 2405 3.64.

483 2435 509 2479 ι
523 2417 570 2479 6
578 2434 608 2501 5
624 2456 645 2478 .
692 2421 763 2478 Et
779 2429 997 2488 motum
1036 2413 1304 2496 errando,
1320 2435 1396 2480 ex
1417 2409 1518 2505 §.1
1536 2434 1568 2502 5
1582 2409 1879 2502 4.taem1*em
1895 2411 2422 2485 determinationem
2435 2431 2615 2484 motus
2622 2413 2811 2507 perdit

499 2511 659 2581 166.
726 2510 827 2580 Sin
840 2504 973 2581 verb
1014 2510 1264 2578 aulem
1284 2512 1387 2579 bac
1411 2509 1518 2576 alii
1535 2509 1688 2581 obvio
1699 2509 2064 2604 praeponderet
2082 2562 2105 2596 ,
2142 2508 2603 2607 unksecumillud
2618 2531 2814 2584 tram-

397 2623 489 2680 m
519 2649 549 2689 2

355 2603 411 2701 f
492 2717 650 2792 167.
704 2715 787 2773 Ac
818 2719 986 2775 tanto
1005 2705 1668 2795 exhauritur‚quamum
1683 2703 1853 2798 desito
1875 2702 2055 2772 dedit.

386 2835 391 2840 ·
477 2807 640 2879 168.
709 2801 1044 2878 Ultimum
1075 2800 1212 2876 hoc
1238 2802 1287 2876 fi
1311 2805 1755 2885 omitteretur,
1803 2823 2028 2872 motus
2041 2805 2206 2873 citra
2243 2821 2487 2872 metam
2505 2797 2810 2903 adaugeri

376 2909 667 2978 minuive
692 2899 941 3003 pofl‘et,
977 2931 1053 2976 ex
1072 2931 1210 3003 quo
1237 2901 1505 2977 tandem
1526 2909 1837 2979 eveniret,
1856 2899 2167 2973 utmundi
2182 2956 2204 2987 ,
2223 2900 2271 2973 fi
2285 2896 2514 3002 ipl'e‘ab
2539 2905 2810 2977 interitu

360 2997 838 3107 ‚prohiberetur
848 3056 875 3091 ‚
899 3003 1074 3077 ordo
1096 3003 1479 3077 turbaretur.
1498 3004 1701 3075 Motu
1725 3009 1897 3074 enim
1922 2996 2009 3072 fic
2027 3006 2225 3075 aneto
2238 3046 2264 3080 ‚
2281 3024 2356 3074 ut
2368 2987 2599 3094 bmnes
2614 3030 2810 3076 mun-

380 3106 453 3180 di
485 3128 696 3207 partes
734 3104 1068 3179 celerrime)-
1098 3110 1461 3205 agitentur,
1492 3101 1658 3200 quid
1691 3098 1813 3175 nisi
1845 3127 1973 3173 una
1993 3092 2264 3174 flamma
2298 3100 2498 3175 effent
2515 3108 2744 3176 omnia
2779 3122 2805 3175 Ξ

385 3201 647 3281 (Ξουῑῑὲ
667 3257 690 3289 ,
724 3228 920 3277 motu
938 3201 1022 3275 fic
1042 3211 1397 3278 imminuto
1414 3256 1437 3290 ,
1464 3226 1537 3275 ut
1574 3209 1800 3274 omnia
1816 3198 2077 3303 prorsus
2107 3198 2436 3300 quiescant
2458 3256 2479 3289 ,
2499 3203 2662 3302 quid
2677 3201 2798 3276 nisi

380 3330 567 3379 mera
584 3302 827 3403 ubique
851 3304 1181 3406 glacies?A
1189 3329 1342 3404 tque
1359 3309 1429 3375 in
1441 3300 1551 3373 illa
1568 3325 1881 3377 motuum
1901 3307 2503 3376 communicatione
2520 3310 2617 3394 lex
2631 3307 2810 3378 tertia
2869 3302 2873 3313 '

381 3424 596 3478 natura
607 3402 720 3477 fita
737 3406 850 3479 est.
1231 3421 1239 3429 '
1885 3438 1896 3444 ·

356 3515 395 3578 -’
488 3531 518 3576 1
533 3517 655 3594 69.
719 3507 882 3578 Tres
898 3501 1089 3576 hasce
1107 3527 1349 3577 naturae
1364 3501 1539 3602 leges
1567 3496 1709 3572 satis
1730 3551 1751 3584 ‚
1782 3496 2065 3574 arbitror
2082 3555 2104 3589 ,
2140 3501 2486 3601 explanant
2503 3529 2579 3574 ea
2594 3546 2620 3580 2
2666 3528 2809 3602 quae

383 3630 589 3678 manu
610 3660 634 3694 ‚
669 3602 875 3678 fimda
892 3649 916 3681 ‚
953 3628 1107 3676 arcu
1124 3630 1201 3688 ac
1228 3603 1577 3678 tormentis
1588 3598 1838 3672 bellicis
1856 3602 2259 3698 projiciuntur.

477 3731 635 3795 170.
704 3710 805 3777 En
835 3702 1035 3790 illud,
1061 3710 1246 3799 pueri
1275 3701 1576 3777 ludentes
1601 3697 1887 3803 globulis
1915 3707 2276 3802 experimur
2298 3727 2415 3776 eos
2444 3706 2674 3802 quietis
2693 3702 2814 3773 sta-

387 3827 532 3880 tum
562 3831 704 3882 non
723 3810 899 3908 prius
917 3800 1207 3879 deserere
1223 3804 1421 3905 quam
1439 3826 1661 3876 motus
1680 3799 1979 3874 indatur:
2001 3823 2268 3875 motum
2289 3806 2449 3895 vero
2467 3823 2814 3901 acceptum

386 3903 474 3980 ab
502 3908 740 3985 iisdem
760 3904 1098 3993 custoditi,
1115 3906 1280 3984 dum
1291 3905 1398 3987 vel
1417 3909 1487 3981 in
1502 3900 1702 3978 alium
1733 3898 2109 4076 gigobulum²
2125 3901 2232 3982 vel
2247 3908 2321 3980 in
2341 3909 2563 3980 a’e'rem
2575 3953 2601 3990 ‚
2625 3898 2817 4063 vealhitg

1862 4032 1903 4078 ι
