<?xml version="1.0" encoding="UTF-8"?>
<!DOCTYPE html PUBLIC "-//W3C//DTD XHTML 1.0 Transitional//EN"
    "http://www.w3.org/TR/xhtml1/DTD/xhtml1-transitional.dtd">
<html xmlns="http://www.w3.org/1999/xhtml" xml:lang="en" lang="en">
 <head>
  <title>
</title>
<meta http-equiv="Content-Type" content="text/html;charset=utf-8" />
  <meta name='ocr-system' content='tesseract 3.04.00' />
  <meta name='ocr-capabilities' content='ocr_page ocr_carea ocr_par ocr_line ocrx_word'/>
</head>
<body>
  <div class='ocr_page' id='page_1' title='image "./johannisclauber00claugoog_0272.png"; bbox 0 0 3391 4418; ppageno 0'>
   <div class='ocr_carea' id='block_1_1' title="bbox 503 77 2986 4081">
    <p class='ocr_par' dir='ltr' id='par_1_1' title="bbox 503 77 2986 4081">
     <span class='ocr_line' id='line_1_1' title="bbox 539 77 2404 197; baseline -0.001 -27"><span class='ocrx_word' id='word_1_1' title='bbox 539 109 713 197; x_wconf 68' lang='lat'><strong>²54²</strong></span> <span class='ocrx_word' id='word_1_2' title='bbox 1142 77 2266 169; x_wconf 54' lang='lat' dir='ltr'><strong>D.1‘issu2wa·1·ro</strong></span> <span class='ocrx_word' id='word_1_3' title='bbox 2351 92 2404 106; x_wconf 75' lang='grc'><strong>”’</strong></span> 
     </span>
     <span class='ocr_line' id='line_1_2' title="bbox 537 186 2982 305; baseline -0.003 -31"><span class='ocrx_word' id='word_1_4' title='bbox 537 192 937 305; x_wconf 80' lang='lat' dir='ltr'><strong>experientia</strong></span> <span class='ocrx_word' id='word_1_5' title='bbox 968 195 997 285; x_wconf 70' lang='lat'><strong>,&#39;</strong></span> <span class='ocrx_word' id='word_1_6' title='bbox 1062 197 1383 296; x_wconf 81' lang='lat' dir='ltr'><strong>posterius</strong></span> <span class='ocrx_word' id='word_1_7' title='bbox 1436 194 1476 268; x_wconf 64' lang='lat' dir='ltr'><strong>a</strong></span> <span class='ocrx_word' id='word_1_8' title='bbox 1522 197 1776 268; x_wconf 88' lang='lat' dir='ltr'><strong>ratione</strong></span> <span class='ocrx_word' id='word_1_9' title='bbox 1827 197 2153 295; x_wconf 61' lang='lat' dir='ltr'><strong>ptaecipue</strong></span> <span class='ocrx_word' id='word_1_10' title='bbox 2199 186 2580 272; x_wconf 76' lang='lat' dir='ltr'><strong>defuturum</strong></span> <span class='ocrx_word' id='word_1_11' title='bbox 2627 191 2745 268; x_wconf 83' lang='lat' dir='ltr'><strong>est.</strong></span> <span class='ocrx_word' id='word_1_12' title='bbox 2977 274 2982 284; x_wconf 54' lang='grc'>,</span> 
     </span>
     <span class='ocr_line' id='line_1_3' title="bbox 562 290 2984 397; baseline -0.003 -22"><span class='ocrx_word' id='word_1_13' title='bbox 562 348 575 356; x_wconf 89' lang='lat'><strong>·</strong></span> <span class='ocrx_word' id='word_1_14' title='bbox 651 324 759 397; x_wconf 87' lang='lat'><strong>24.</strong></span> <span class='ocrx_word' id='word_1_15' title='bbox 807 298 1172 375; x_wconf 81' lang='lat' dir='ltr'><strong>Videamus</strong></span> <span class='ocrx_word' id='word_1_16' title='bbox 1205 322 1377 370; x_wconf 89' lang='lat' dir='ltr'><strong>nunc</strong></span> <span class='ocrx_word' id='word_1_17' title='bbox 1394 294 1555 395; x_wconf 92' lang='lat' dir='ltr'><strong>quid</strong></span> <span class='ocrx_word' id='word_1_18' title='bbox 1570 293 1792 369; x_wconf 87' lang='lat' dir='ltr'><strong>obstet</strong></span> <span class='ocrx_word' id='word_1_19' title='bbox 1811 300 2166 396; x_wconf 83' lang='lat' dir='ltr'>imprimis,</span> <span class='ocrx_word' id='word_1_20' title='bbox 2209 320 2322 367; x_wconf 87' lang='lat' dir='ltr'><strong>cut</strong></span> <span class='ocrx_word' id='word_1_21' title='bbox 2337 296 2712 367; x_wconf 86' lang='lat' dir='ltr'><strong>Comenius</strong></span> <span class='ocrx_word' id='word_1_22' title='bbox 2725 290 2984 392; x_wconf 41' lang='lat' dir='ltr'><strong>aliique,</strong></span> 
     </span>
     <span class='ocr_line' id='line_1_4' title="bbox 546 394 2973 502; baseline -0.002 -28"><span class='ocrx_word' id='word_1_23' title='bbox 546 405 825 502; x_wconf 82' lang='lat' dir='ltr'><strong>Frigoris</strong></span> <span class='ocrx_word' id='word_1_24' title='bbox 858 422 1161 471; x_wconf 81' lang='lat' dir='ltr'><strong>naturam</strong></span> <span class='ocrx_word' id='word_1_25' title='bbox 1195 400 1266 469; x_wconf 92' lang='lat' dir='ltr'><strong>in</strong></span> <span class='ocrx_word' id='word_1_26' title='bbox 1292 401 1511 494; x_wconf 88' lang='lat' dir='ltr'><strong>quiete</strong></span> <span class='ocrx_word' id='word_1_27' title='bbox 1544 395 1887 468; x_wconf 86' lang='lat' dir='ltr'><strong>confistere</strong></span> <span class='ocrx_word' id='word_1_28' title='bbox 1909 395 2123 469; x_wconf 81' lang='lat' dir='ltr'>nolint</span> <span class='ocrx_word' id='word_1_29' title='bbox 2136 394 2508 474; x_wconf 76' lang='lat' dir='ltr'>admittere.</span> <span class='ocrx_word' id='word_1_30' title='bbox 2559 399 2973 495; x_wconf 80' lang='lat' dir='ltr'><strong>Praecipuum</strong></span> 
     </span>
     <span class='ocr_line' id='line_1_5' title="bbox 544 492 2972 598; baseline -0.002 -24"><span class='ocrx_word' id='word_1_31' title='bbox 544 501 714 580; x_wconf 88' lang='lat' dir='ltr'><strong>illud</strong></span> <span class='ocrx_word' id='word_1_32' title='bbox 745 497 867 572; x_wconf 75' lang='lat' dir='ltr'><strong>effi:</strong></span> <span class='ocrx_word' id='word_1_33' title='bbox 899 497 1096 572; x_wconf 89' lang='lat' dir='ltr'><strong>video</strong></span> <span class='ocrx_word' id='word_1_34' title='bbox 1110 549 1133 578; x_wconf 90' lang='lat'><em>,</em></span> <span class='ocrx_word' id='word_1_35' title='bbox 1169 496 1359 594; x_wconf 91' lang='lat' dir='ltr'><strong>quod</strong></span> <span class='ocrx_word' id='word_1_36' title='bbox 1388 494 1574 569; x_wconf 78' lang='lat' dir='ltr'><strong>calor</strong></span> <span class='ocrx_word' id='word_1_37' title='bbox 1593 502 1666 568; x_wconf 89' lang='lat'>&amp;</span> <span class='ocrx_word' id='word_1_38' title='bbox 1683 492 1884 598; x_wconf 86' lang='lat' dir='ltr'><strong>frigus</strong></span> <span class='ocrx_word' id='word_1_39' title='bbox 1898 499 2187 568; x_wconf 74' lang='lat' dir='ltr'><strong>contraria</strong></span> <span class='ocrx_word' id='word_1_40' title='bbox 2206 494 2328 567; x_wconf 85' lang='lat' dir='ltr'><strong>fint</strong></span> <span class='ocrx_word' id='word_1_41' title='bbox 2349 526 2370 583; x_wconf 78' lang='lat'>3</span> <span class='ocrx_word' id='word_1_42' title='bbox 2410 515 2636 566; x_wconf 86' lang='lat' dir='ltr'><strong>motus</strong></span> <span class='ocrx_word' id='word_1_43' title='bbox 2651 519 2876 568; x_wconf 88' lang='lat' dir='ltr'><strong>autem</strong></span> <span class='ocrx_word' id='word_1_44' title='bbox 2898 503 2972 568; x_wconf 71' lang='grc' dir='ltr'><strong>ὃς</strong></span> 
     </span>
     <span class='ocr_line' id='line_1_6' title="bbox 548 594 2973 703; baseline -0.002 -29"><span class='ocrx_word' id='word_1_45' title='bbox 548 608 738 703; x_wconf 84' lang='lat' dir='ltr'><strong>quies</strong></span> <span class='ocrx_word' id='word_1_46' title='bbox 758 594 1048 695; x_wconf 57' lang='lat' dir='ltr'><strong>privativa</strong></span> <span class='ocrx_word' id='word_1_47' title='bbox 1074 619 1516 698; x_wconf 85' lang='lat' dir='ltr'><strong>opponantur.</strong></span> <span class='ocrx_word' id='word_1_48' title='bbox 1589 599 1749 669; x_wconf 88' lang='lat' dir='ltr'><strong>Huc</strong></span> <span class='ocrx_word' id='word_1_49' title='bbox 1784 602 1961 668; x_wconf 87' lang='lat' dir='ltr'><strong>enim</strong></span> <span class='ocrx_word' id='word_1_50' title='bbox 1994 603 2324 696; x_wconf 85' lang='lat' dir='ltr'><strong>pertinent</strong></span> <span class='ocrx_word' id='word_1_51' title='bbox 2354 619 2740 696; x_wconf 85' lang='lat' dir='ltr'><strong>argumenta</strong></span> <span class='ocrx_word' id='word_1_52' title='bbox 2762 640 2786 678; x_wconf 85' lang='lat'>,</span> <span class='ocrx_word' id='word_1_53' title='bbox 2817 620 2973 696; x_wconf 79' lang='lat' dir='ltr'><strong>quae</strong></span> 
     </span>
     <span class='ocr_line' id='line_1_7' title="bbox 552 693 2975 798; baseline -0.005 -20"><span class='ocrx_word' id='word_1_54' title='bbox 552 704 929 778; x_wconf 84' lang='lat' dir='ltr'><strong>Comenius</strong></span> <span class='ocrx_word' id='word_1_55' title='bbox 960 720 1103 771; x_wconf 88' lang='lat' dir='ltr'><strong>tum</strong></span> <span class='ocrx_word' id='word_1_56' title='bbox 1131 705 1202 769; x_wconf 88' lang='lat' dir='ltr'><strong>in</strong></span> <span class='ocrx_word' id='word_1_57' title='bbox 1237 697 1545 771; x_wconf 86' lang='lat' dir='ltr'><strong>Dedicat.</strong></span> <span class='ocrx_word' id='word_1_58' title='bbox 1594 720 1738 769; x_wconf 89' lang='lat' dir='ltr'><strong>tum</strong></span> <span class='ocrx_word' id='word_1_59' title='bbox 1768 695 1921 770; x_wconf 86' lang='lat' dir='ltr'><strong>alibi</strong></span> <span class='ocrx_word' id='word_1_60' title='bbox 1951 694 2241 798; x_wconf 85' lang='lat' dir='ltr'><strong>profert:</strong></span> <span class='ocrx_word' id='word_1_61' title='bbox 2276 693 2796 792; x_wconf 76' lang='lat' dir='ltr'><strong>Sifrigucestquies</strong></span> <span class='ocrx_word' id='word_1_62' title='bbox 2815 751 2837 784; x_wconf 90' lang='lat'><strong>,</strong></span> <span class='ocrx_word' id='word_1_63' title='bbox 2870 698 2975 767; x_wconf 89' lang='lat' dir='ltr'><strong>in-</strong></span> 
     </span>
     <span class='ocr_line' id='line_1_8' title="bbox 553 794 2974 902; baseline -0.003 -29"><span class='ocrx_word' id='word_1_64' title='bbox 553 807 704 902; x_wconf 81' lang='lat' dir='ltr'><strong>quit</strong></span> <span class='ocrx_word' id='word_1_65' title='bbox 722 853 747 887; x_wconf 87' lang='lat'>‚</span> <span class='ocrx_word' id='word_1_66' title='bbox 769 823 901 895; x_wconf 82' lang='lat' dir='ltr'><strong>ergo</strong></span> <span class='ocrx_word' id='word_1_67' title='bbox 918 797 1210 892; x_wconf 57' lang='lat' dir='ltr'><strong>[bammum</strong></span> <span class='ocrx_word' id='word_1_68' title='bbox 1233 796 1419 892; x_wconf 73' lang='lat' dir='ltr'><strong>frigus</strong></span> <span class='ocrx_word' id='word_1_69' title='bbox 1436 798 1666 895; x_wconf 76' lang='lat' dir='ltr'><strong>summa</strong></span> <span class='ocrx_word' id='word_1_70' title='bbox 1677 802 1829 891; x_wconf 80' lang='lat' dir='ltr'><strong>quies</strong></span> <span class='ocrx_word' id='word_1_71' title='bbox 1846 801 1979 869; x_wconf 80' lang='lat' dir='ltr'><strong>erit.</strong></span> <span class='ocrx_word' id='word_1_72' title='bbox 2002 794 2012 803; x_wconf 79' lang='grc'><strong>’</strong></span> <span class='ocrx_word' id='word_1_73' title='bbox 2032 798 2323 895; x_wconf 79' lang='lat' dir='ltr'><strong>Qomodo</strong></span> <span class='ocrx_word' id='word_1_74' title='bbox 2339 819 2470 889; x_wconf 78' lang='lat' dir='ltr'><strong>ergo</strong></span> <span class='ocrx_word' id='word_1_75' title='bbox 2482 814 2651 866; x_wconf 72' lang='lat' dir='ltr'><strong>tanta</strong></span> <span class='ocrx_word' id='word_1_76' title='bbox 2665 799 2820 890; x_wconf 66' lang='lat' dir='ltr'><strong>quies</strong></span> <span class='ocrx_word' id='word_1_77' title='bbox 2836 817 2974 876; x_wconf 66' lang='lat' dir='ltr'><strong>tan-</strong></span> 
     </span>
     <span class='ocr_line' id='line_1_9' title="bbox 547 892 2986 995; baseline -0.003 -23"><span class='ocrx_word' id='word_1_78' title='bbox 547 919 639 976; x_wconf 68' lang='lat' dir='ltr'><strong>tae</strong></span> <span class='ocrx_word' id='word_1_79' title='bbox 656 900 847 973; x_wconf 72' lang='lat' dir='ltr'><strong>rurba</strong></span> <span class='ocrx_word' id='word_1_80' title='bbox 868 899 1134 991; x_wconf 58' lang='lat' dir='ltr'><strong>&lt;laganae</strong></span> <span class='ocrx_word' id='word_1_81' title='bbox 1143 900 1390 995; x_wconf 79' lang='lat' dir='ltr'><strong>flumina</strong></span> <span class='ocrx_word' id='word_1_82' title='bbox 1405 901 1479 975; x_wconf 60' lang='grc' dir='ltr'>ά</span> <span class='ocrx_word' id='word_1_83' title='bbox 1493 916 1725 991; x_wconf 75' lang='lat' dir='ltr'><strong>pontum</strong></span> <span class='ocrx_word' id='word_1_84' title='bbox 1740 942 1763 978; x_wconf 88' lang='lat'>‚</span> <span class='ocrx_word' id='word_1_85' title='bbox 1797 900 2181 991; x_wconf 75' lang='lat' dir='ltr'><strong>enecandoque</strong></span> <span class='ocrx_word' id='word_1_86' title='bbox 2199 915 2280 968; x_wconf 83' lang='lat' dir='ltr'><strong>rot</strong></span> <span class='ocrx_word' id='word_1_87' title='bbox 2299 915 2583 990; x_wconf 78' lang='lat' dir='ltr'><strong>corporum</strong></span> <span class='ocrx_word' id='word_1_88' title='bbox 2604 946 2627 980; x_wconf 89' lang='lat'>,</span> <span class='ocrx_word' id='word_1_89' title='bbox 2660 893 2828 991; x_wconf 67' lang='lat' dir='ltr'><strong>nisise</strong></span> <span class='ocrx_word' id='word_1_90' title='bbox 2836 892 2986 990; x_wconf 64' lang='lat' dir='ltr'><strong>abfiss&#39;</strong></span> 
     </span>
     <span class='ocr_line' id='line_1_10' title="bbox 546 993 2975 1096; baseline -0.004 -22"><span class='ocrx_word' id='word_1_91' title='bbox 546 1002 832 1083; x_wconf 64' lang='lat' dir='ltr'><strong>condant,</strong></span> <span class='ocrx_word' id='word_1_92' title='bbox 870 1001 1101 1090; x_wconf 78' lang='lat' dir='ltr'><strong>vitam)</strong></span> <span class='ocrx_word' id='word_1_93' title='bbox 1139 1003 1279 1070; x_wconf 70' lang='lat' dir='ltr'><strong>dare</strong></span> <span class='ocrx_word' id='word_1_94' title='bbox 1300 994 1495 1093; x_wconf 76' lang='lat' dir='ltr'><strong>potest.</strong></span> <span class='ocrx_word' id='word_1_95' title='bbox 1549 996 1718 1070; x_wconf 90' lang='lat' dir='ltr'><strong>Vide</strong></span> <span class='ocrx_word' id='word_1_96' title='bbox 1756 993 2044 1096; x_wconf 86' lang='lat' dir='ltr'><strong>ejusdem</strong></span> <span class='ocrx_word' id='word_1_97' title='bbox 2072 995 2195 1068; x_wconf 89' lang='lat' dir='ltr'><strong>lib.</strong></span> <span class='ocrx_word' id='word_1_98' title='bbox 2225 1023 2369 1095; x_wconf 80' lang='lat' dir='ltr'><strong>cap.</strong></span> <span class='ocrx_word' id='word_1_99' title='bbox 2390 1006 2459 1066; x_wconf 82' lang='lat'><strong>6.</strong></span> <span class='ocrx_word' id='word_1_100' title='bbox 2497 995 2762 1095; x_wconf 82' lang='lat' dir='ltr'>Nempe</span> <span class='ocrx_word' id='word_1_101' title='bbox 2782 1018 2975 1095; x_wconf 81' lang='lat' dir='ltr'><strong>putat</strong></span> 
     </span>
     <span class='ocr_line' id='line_1_11' title="bbox 551 1090 2977 1200; baseline -0.002 -28"><span class='ocrx_word' id='word_1_102' title='bbox 551 1102 789 1200; x_wconf 82' lang='lat' dir='ltr'><strong>quietis</strong></span> <span class='ocrx_word' id='word_1_103' title='bbox 802 1094 1048 1170; x_wconf 83' lang='lat' dir='ltr'><strong>nullam</strong></span> <span class='ocrx_word' id='word_1_104' title='bbox 1063 1097 1185 1173; x_wconf 81' lang='lat' dir='ltr'><strong>effe</strong></span> <span class='ocrx_word' id='word_1_105' title='bbox 1205 1102 1340 1171; x_wconf 86' lang='lat' dir='ltr'><strong>vim</strong></span> <span class='ocrx_word' id='word_1_106' title='bbox 1354 1146 1379 1182; x_wconf 86' lang='lat'><strong>,</strong></span> <span class='ocrx_word' id='word_1_107' title='bbox 1410 1094 1656 1169; x_wconf 87' lang='lat' dir='ltr'><strong>nullam</strong></span> <span class='ocrx_word' id='word_1_108' title='bbox 1671 1092 2050 1171; x_wconf 86' lang='lat' dir='ltr'><strong>efficaciam.</strong></span> <span class='ocrx_word' id='word_1_109' title='bbox 2105 1100 2186 1170; x_wconf 86' lang='lat' dir='ltr'><strong>Et</strong></span> <span class='ocrx_word' id='word_1_110' title='bbox 2200 1096 2363 1195; x_wconf 89' lang='lat' dir='ltr'><strong>quid</strong></span> <span class='ocrx_word' id='word_1_111' title='bbox 2374 1092 2510 1167; x_wconf 89' lang='lat' dir='ltr'><strong>hoc</strong></span> <span class='ocrx_word' id='word_1_112' title='bbox 2521 1093 2697 1165; x_wconf 85' lang='lat' dir='ltr'><strong>aliud</strong></span> <span class='ocrx_word' id='word_1_113' title='bbox 2717 1138 2742 1174; x_wconf 82' lang='lat'>‚</span> <span class='ocrx_word' id='word_1_114' title='bbox 2767 1090 2977 1194; x_wconf 57' lang='lat' dir='ltr'><strong>quirrg&#39;</strong></span> 
     </span>
     <span class='ocr_line' id='line_1_12' title="bbox 548 1185 2976 1298; baseline -0.004 -25"><span class='ocrx_word' id='word_1_115' title='bbox 548 1225 699 1273; x_wconf 86' lang='lat' dir='ltr'><strong>eam</strong></span> <span class='ocrx_word' id='word_1_116' title='bbox 744 1223 885 1271; x_wconf 88' lang='lat' dir='ltr'><strong>non</strong></span> <span class='ocrx_word' id='word_1_117' title='bbox 917 1193 1038 1269; x_wconf 82' lang='lat' dir='ltr'><strong>effe</strong></span> <span class='ocrx_word' id='word_1_118' title='bbox 1071 1196 1234 1296; x_wconf 84' lang='lat' dir='ltr'><strong>quid</strong></span> <span class='ocrx_word' id='word_1_119' title='bbox 1270 1193 1624 1297; x_wconf 82' lang='lat' dir='ltr'><strong>pofitivum</strong></span> <span class='ocrx_word' id='word_1_120' title='bbox 1658 1202 1727 1268; x_wconf 88' lang='lat' dir='ltr'><strong>in</strong></span> <span class='ocrx_word' id='word_1_121' title='bbox 1766 1222 1995 1271; x_wconf 84' lang='lat' dir='ltr'><strong>natura</strong></span> <span class='ocrx_word' id='word_1_122' title='bbox 2019 1250 2041 1284; x_wconf 89' lang='lat'>,</span> <span class='ocrx_word' id='word_1_123' title='bbox 2074 1196 2184 1270; x_wconf 89' lang='lat' dir='ltr'><strong>sed</strong></span> <span class='ocrx_word' id='word_1_124' title='bbox 2207 1201 2649 1298; x_wconf 80' lang='lat' dir='ltr'><strong>privationem</strong></span> <span class='ocrx_word' id='word_1_125' title='bbox 2681 1219 2928 1295; x_wconf 87' lang='lat' dir='ltr'><strong>meram</strong></span> <span class='ocrx_word' id='word_1_126' title='bbox 2945 1185 2976 1282; x_wconf 68' lang='lat'><strong>,&#39;</strong></span> 
     </span>
     <span class='ocr_line' id='line_1_13' title="bbox 550 1294 2973 1467; baseline -0.003 -94"><span class='ocrx_word' id='word_1_127' title='bbox 550 1300 625 1374; x_wconf 80' lang='lat' dir='ltr'><strong>id</strong></span> <span class='ocrx_word' id='word_1_128' title='bbox 643 1294 1202 1400; x_wconf 75' lang='lat' dir='ltr'><strong>quodCardanus</strong></span> <span class='ocrx_word' id='word_1_129' title='bbox 1216 1298 1301 1371; x_wconf 89' lang='lat' dir='ltr'><strong>de</strong></span> <span class='ocrx_word' id='word_1_130' title='bbox 1320 1301 1582 1398; x_wconf 86' lang='lat' dir='ltr'><strong>Frigore</strong></span> <span class='ocrx_word' id='word_1_131' title='bbox 1595 1323 1938 1397; x_wconf 85' lang='lat' dir='ltr'><strong>perperam</strong></span> <span class='ocrx_word' id='word_1_132' title='bbox 1955 1296 2161 1371; x_wconf 72' lang='lat' dir='ltr'><strong>ienfit.</strong></span> <span class='ocrx_word' id='word_1_133' title='bbox 2201 1304 2471 1467; x_wconf 50' lang='lat' dir='ltr'><strong>Qqaerat</strong></span> <span class='ocrx_word' id='word_1_134' title='bbox 2491 1300 2689 1396; x_wconf 87' lang='lat' dir='ltr'><strong>igitur</strong></span> <span class='ocrx_word' id='word_1_135' title='bbox 2708 1295 2973 1394; x_wconf 34' lang='lat' dir='ltr'><strong>aliquis*</strong></span> 
     </span>
     <span class='ocr_line' id='line_1_14' title="bbox 546 1390 2975 1502; baseline -0.004 -26"><span class='ocrx_word' id='word_1_136' title='bbox 546 1397 908 1502; x_wconf 85' lang='lat' dir='ltr'><strong>quomodo</strong></span> <span class='ocrx_word' id='word_1_137' title='bbox 938 1390 1324 1488; x_wconf 59' lang='lat' dir='ltr'><strong>dCardauo</strong></span> <span class='ocrx_word' id='word_1_138' title='bbox 1360 1395 1796 1476; x_wconf 77' lang='lat' dir='ltr'><strong>diss&#39;entientes</strong></span> <span class='ocrx_word' id='word_1_139' title='bbox 1834 1398 2263 1476; x_wconf 81' lang='lat' dir='ltr'><strong>nihilominus</strong></span> <span class='ocrx_word' id='word_1_140' title='bbox 2320 1404 2489 1500; x_wconf 86' lang='lat' dir='ltr'><strong>rigus</strong></span> <span class='ocrx_word' id='word_1_141' title='bbox 2516 1395 2642 1468; x_wconf 84' lang='lat' dir='ltr'><strong>effe</strong></span> <span class='ocrx_word' id='word_1_142' title='bbox 2677 1402 2975 1494; x_wconf 88' lang='lat' dir='ltr'><strong>quietem</strong></span> 
     </span>
     <span class='ocr_line' id='line_1_15' title="bbox 548 1505 945 1575; baseline -0.013 1"><span class='ocrx_word' id='word_1_143' title='bbox 548 1505 945 1575; x_wconf 72' lang='lat' dir='ltr'><strong>statuamus?</strong></span> 
     </span>
     <span class='ocr_line' id='line_1_16' title="bbox 551 1591 2983 1701; baseline -0.002 -27"><span class='ocrx_word' id='word_1_144' title='bbox 551 1639 573 1658; x_wconf 79' lang='lat'><strong>·-</strong></span> <span class='ocrx_word' id='word_1_145' title='bbox 652 1627 692 1674; x_wconf 71' lang='grc' dir='ltr'>ι</span> <span class='ocrx_word' id='word_1_146' title='bbox 705 1626 775 1694; x_wconf 88' lang='lat'><strong>5.</strong></span> <span class='ocrx_word' id='word_1_147' title='bbox 821 1601 1157 1699; x_wconf 82' lang='lat' dir='ltr'><strong>Equidem</strong></span> <span class='ocrx_word' id='word_1_148' title='bbox 1196 1599 1492 1674; x_wconf 83' lang='lat' dir='ltr'><strong>mirabor</strong></span> <span class='ocrx_word' id='word_1_149' title='bbox 1508 1598 1885 1674; x_wconf 85' lang='lat' dir='ltr'>admodum</span> <span class='ocrx_word' id='word_1_150' title='bbox 1913 1654 1936 1688; x_wconf 87' lang='lat'><strong>,</strong></span> <span class='ocrx_word' id='word_1_151' title='bbox 1964 1597 2012 1672; x_wconf 86' lang='lat' dir='ltr'>fi</span> <span class='ocrx_word' id='word_1_152' title='bbox 2036 1602 2304 1701; x_wconf 88' lang='lat' dir='ltr'><strong>ingenio</strong></span> <span class='ocrx_word' id='word_1_153' title='bbox 2324 1591 2785 1698; x_wconf 77' lang='lat' dir='ltr'><strong>Metaphyfico</strong></span> <span class='ocrx_word' id='word_1_154' title='bbox 2805 1650 2828 1678; x_wconf 7' lang='grc' dir='ltr'><strong>χ.</strong></span> <span class='ocrx_word' id='word_1_155' title='bbox 2863 1620 2983 1670; x_wconf 82' lang='lat' dir='ltr'><strong>cu·</strong></span> 
     </span>
     <span class='ocr_line' id='line_1_17' title="bbox 551 1695 2980 1801; baseline -0.001 -29"><span class='ocrx_word' id='word_1_156' title='bbox 551 1696 841 1801; x_wconf 67' lang='lat' dir='ltr'><strong>jusmodi</strong></span> <span class='ocrx_word' id='word_1_157' title='bbox 860 1702 952 1771; x_wconf 87' lang='lat' dir='ltr'><strong>est</strong></span> <span class='ocrx_word' id='word_1_158' title='bbox 973 1706 1466 1775; x_wconf 77' lang='lat' dir='ltr'><strong>Comenianum</strong></span> <span class='ocrx_word' id='word_1_159' title='bbox 1482 1754 1504 1787; x_wconf 89' lang='lat'>,</span> <span class='ocrx_word' id='word_1_160' title='bbox 1541 1727 1681 1772; x_wconf 86' lang='lat' dir='ltr'><strong>non</strong></span> <span class='ocrx_word' id='word_1_161' title='bbox 1699 1725 1942 1798; x_wconf 88' lang='lat' dir='ltr'><strong>queam</strong></span> <span class='ocrx_word' id='word_1_162' title='bbox 1955 1699 2397 1773; x_wconf 82' lang='lat' dir='ltr'><strong>demonstrare</strong></span> <span class='ocrx_word' id='word_1_163' title='bbox 2420 1750 2444 1781; x_wconf 83' lang='lat'><strong>,</strong></span> <span class='ocrx_word' id='word_1_164' title='bbox 2483 1704 2777 1796; x_wconf 87' lang='lat' dir='ltr'><strong>quietem</strong></span> <span class='ocrx_word' id='word_1_165' title='bbox 2792 1695 2980 1796; x_wconf 57' lang='lat' dir='ltr'><strong>aequd</strong></span> 
     </span>
     <span class='ocr_line' id='line_1_18' title="bbox 552 1798 2983 1904; baseline -0.003 -28"><span class='ocrx_word' id='word_1_166' title='bbox 552 1798 659 1876; x_wconf 81' lang='lat' dir='ltr'><strong>vel</strong></span> <span class='ocrx_word' id='word_1_167' title='bbox 681 1805 882 1904; x_wconf 82' lang='lat' dir='ltr'><strong>magis</strong></span> <span class='ocrx_word' id='word_1_168' title='bbox 903 1805 1104 1873; x_wconf 86' lang='lat' dir='ltr'><strong>etiam</strong></span> <span class='ocrx_word' id='word_1_169' title='bbox 1115 1799 1461 1902; x_wconf 82' lang='lat' dir='ltr'><strong>pofitivam</strong></span> <span class='ocrx_word' id='word_1_170' title='bbox 1480 1799 1719 1872; x_wconf 86' lang='lat' dir='ltr'><strong>habere</strong></span> <span class='ocrx_word' id='word_1_171' title='bbox 1738 1799 2275 1898; x_wconf 69' lang='lat' dir='ltr'><strong>naturam,quzim</strong></span> <span class='ocrx_word' id='word_1_172' title='bbox 2298 1822 2581 1870; x_wconf 89' lang='lat' dir='ltr'><strong>motum.</strong></span> <span class='ocrx_word' id='word_1_173' title='bbox 2633 1802 2837 1890; x_wconf 84' lang='lat' dir='ltr'><strong>Hunc</strong></span> <span class='ocrx_word' id='word_1_174' title='bbox 2850 1802 2983 1899; x_wconf 84' lang='lat' dir='ltr'><strong>igi-</strong></span> 
     </span>
     <span class='ocr_line' id='line_1_19' title="bbox 555 1893 2979 2001; baseline -0.003 -26"><span class='ocrx_word' id='word_1_175' title='bbox 555 1925 664 1976; x_wconf 86' lang='lat' dir='ltr'><strong>tur</strong></span> <span class='ocrx_word' id='word_1_176' title='bbox 681 1908 747 1973; x_wconf 87' lang='lat' dir='ltr'><strong>in</strong></span> <span class='ocrx_word' id='word_1_177' title='bbox 766 1900 1042 1972; x_wconf 87' lang='lat' dir='ltr'><strong>modum</strong></span> <span class='ocrx_word' id='word_1_178' title='bbox 1065 1923 1523 2001; x_wconf 81' lang='lat' dir='ltr'><strong>argumentor:</strong></span> <span class='ocrx_word' id='word_1_179' title='bbox 1539 1906 1608 1974; x_wconf 86' lang='lat' dir='ltr'><strong>Si</strong></span> <span class='ocrx_word' id='word_1_180' title='bbox 1627 1906 1809 1999; x_wconf 83' lang='lat' dir='ltr'><strong>quies</strong></span> <span class='ocrx_word' id='word_1_181' title='bbox 1819 1907 1887 1973; x_wconf 88' lang='lat' dir='ltr'><strong>in</strong></span> <span class='ocrx_word' id='word_1_182' title='bbox 1911 1900 2184 1995; x_wconf 65' lang='lat' dir='ltr'><strong>Physicis</strong></span> <span class='ocrx_word' id='word_1_183' title='bbox 2200 1895 2415 1982; x_wconf 81' lang='lat' dir='ltr'><strong>differt</strong></span> <span class='ocrx_word' id='word_1_184' title='bbox 2434 1897 2471 1970; x_wconf 72' lang='grc' dir='ltr'><strong>εὶ</strong></span> <span class='ocrx_word' id='word_1_185' title='bbox 2491 1922 2710 1976; x_wconf 80' lang='lat' dir='ltr'><strong>motu,</strong></span> <span class='ocrx_word' id='word_1_186' title='bbox 2729 1893 2892 1969; x_wconf 83' lang='lat' dir='ltr'><strong>ficut</strong></span> <span class='ocrx_word' id='word_1_187' title='bbox 2909 1895 2979 1982; x_wconf 78' lang='lat' dir='ltr'><strong>in</strong></span> 
     </span>
     <span class='ocr_line' id='line_1_20' title="bbox 555 1996 2980 2100; baseline -0 -27.003"><span class='ocrx_word' id='word_1_188' title='bbox 555 1997 1025 2100; x_wconf 85' lang='lat' dir='ltr'><strong>Metapbyficis</strong></span> <span class='ocrx_word' id='word_1_189' title='bbox 1061 2001 1429 2072; x_wconf 50' lang='lat' dir='ltr'><strong>immutabile¹</strong></span> <span class='ocrx_word' id='word_1_190' title='bbox 1450 1996 1669 2072; x_wconf 81' lang='lat' dir='ltr'><strong>differt</strong></span> <span class='ocrx_word' id='word_1_191' title='bbox 1688 2001 1729 2076; x_wconf 72' lang='grc' dir='ltr'><strong>ὸ,</strong></span> <span class='ocrx_word' id='word_1_192' title='bbox 1748 2003 2055 2086; x_wconf 72' lang='lat' dir='ltr'><strong>mutabili,</strong></span> <span class='ocrx_word' id='word_1_193' title='bbox 2093 2024 2234 2075; x_wconf 88' lang='lat' dir='ltr'><strong>tum</strong></span> <span class='ocrx_word' id='word_1_194' title='bbox 2254 2007 2451 2071; x_wconf 86' lang='lat' dir='ltr'><strong>etiam</strong></span> <span class='ocrx_word' id='word_1_195' title='bbox 2478 2002 2716 2099; x_wconf 82' lang='lat' dir='ltr'><strong>quietis</strong></span> <span class='ocrx_word' id='word_1_196' title='bbox 2747 2020 2980 2080; x_wconf 68' lang='lat' dir='ltr'><strong>natura</strong></span> 
     </span>
     <span class='ocr_line' id='line_1_21' title="bbox 546 2085 2977 2203; baseline 0 -31"><span class='ocrx_word' id='word_1_197' title='bbox 546 2097 842 2202; x_wconf 69' lang='lat' dir='ltr'><strong>positiva</strong></span> <span class='ocrx_word' id='word_1_198' title='bbox 860 2103 1022 2182; x_wconf 86' lang='lat' dir='ltr'><strong>erit,</strong></span> <span class='ocrx_word' id='word_1_199' title='bbox 1054 2106 1123 2173; x_wconf 78' lang='grc' dir='ltr'><strong>δε</strong></span> <span class='ocrx_word' id='word_1_200' title='bbox 1163 2103 1371 2203; x_wconf 84' lang='lat' dir='ltr'><strong>magis</strong></span> <span class='ocrx_word' id='word_1_201' title='bbox 1392 2099 1680 2198; x_wconf 83' lang='lat' dir='ltr'><strong>quidem</strong></span> <span class='ocrx_word' id='word_1_202' title='bbox 1703 2154 1725 2187; x_wconf 89' lang='lat'><strong>,</strong></span> <span class='ocrx_word' id='word_1_203' title='bbox 1755 2103 1949 2200; x_wconf 64' lang='lat' dir='ltr'><strong>quim</strong></span> <span class='ocrx_word' id='word_1_204' title='bbox 1978 2123 2207 2173; x_wconf 85' lang='lat' dir='ltr'><strong>natura</strong></span> <span class='ocrx_word' id='word_1_205' title='bbox 2229 2123 2472 2172; x_wconf 86' lang='lat' dir='ltr'><strong>motus.</strong></span> <span class='ocrx_word' id='word_1_206' title='bbox 2519 2103 2719 2198; x_wconf 84' lang='lat' dir='ltr'><strong>Atqui</strong></span> <span class='ocrx_word' id='word_1_207' title='bbox 2741 2085 2977 2173; x_wconf 66' lang='lat' dir='ltr'><strong>veturii</strong></span> 
     </span>
     <span class='ocr_line' id='line_1_22' title="bbox 550 2195 2935 2302; baseline -0.001 -30"><span class='ocrx_word' id='word_1_208' title='bbox 550 2205 740 2301; x_wconf 77' lang='lat' dir='ltr'><strong>&#39;ptius</strong></span> <span class='ocrx_word' id='word_1_209' title='bbox 756 2230 775 2274; x_wconf 74' lang='lat' dir='ltr'><strong>t</strong></span> <span class='ocrx_word' id='word_1_210' title='bbox 794 2223 867 2274; x_wconf 90' lang='lat' dir='ltr'><strong>ut</strong></span> <span class='ocrx_word' id='word_1_211' title='bbox 879 2202 1055 2270; x_wconf 88' lang='lat' dir='ltr'><strong>enim</strong></span> <span class='ocrx_word' id='word_1_212' title='bbox 1071 2200 1184 2272; x_wconf 78' lang='lat' dir='ltr'><strong>ens</strong></span> <span class='ocrx_word' id='word_1_213' title='bbox 1197 2200 1608 2274; x_wconf 84' lang='lat' dir='ltr'><strong>immutabile</strong></span> <span class='ocrx_word' id='word_1_214' title='bbox 1623 2202 1741 2284; x_wconf 86' lang='lat' dir='ltr'><strong>est,</strong></span> <span class='ocrx_word' id='word_1_215' title='bbox 1754 2200 1943 2302; x_wconf 88' lang='lat' dir='ltr'><strong>quod</strong></span> <span class='ocrx_word' id='word_1_216' title='bbox 1963 2198 2211 2302; x_wconf 89' lang='lat' dir='ltr'><strong>semper</strong></span> <span class='ocrx_word' id='word_1_217' title='bbox 2225 2221 2420 2273; x_wconf 76' lang='lat' dir='ltr'><strong>manet</strong></span> <span class='ocrx_word' id='word_1_218' title='bbox 2433 2198 2619 2273; x_wconf 85' lang='lat' dir='ltr'><strong>idem</strong></span> <span class='ocrx_word' id='word_1_219' title='bbox 2637 2197 2820 2299; x_wconf 91' lang='lat' dir='ltr'><strong>quod</strong></span> <span class='ocrx_word' id='word_1_220' title='bbox 2843 2195 2935 2270; x_wconf 86' lang='lat' dir='ltr'><strong>est</strong></span> 
     </span>
     <span class='ocr_line' id='line_1_23' title="bbox 552 2294 2977 2401; baseline -0.001 -29"><span class='ocrx_word' id='word_1_221' title='bbox 552 2307 650 2373; x_wconf 79' lang='lat' dir='ltr'><strong>ita</strong></span> <span class='ocrx_word' id='word_1_222' title='bbox 667 2306 850 2399; x_wconf 81' lang='lat' dir='ltr'><strong>quies</strong></span> <span class='ocrx_word' id='word_1_223' title='bbox 868 2299 960 2371; x_wconf 89' lang='lat' dir='ltr'><strong>est</strong></span> <span class='ocrx_word' id='word_1_224' title='bbox 970 2301 1279 2399; x_wconf 75' lang='lat' dir='ltr'><strong>permanfio</strong></span> <span class='ocrx_word' id='word_1_225' title='bbox 1298 2306 1365 2373; x_wconf 91' lang='lat' dir='ltr'><strong>in</strong></span> <span class='ocrx_word' id='word_1_226' title='bbox 1390 2302 1636 2377; x_wconf 86' lang='lat' dir='ltr'><strong>eodem</strong></span> <span class='ocrx_word' id='word_1_227' title='bbox 1651 2301 1796 2376; x_wconf 78' lang='lat' dir='ltr'><strong>fitu-</strong></span> <span class='ocrx_word' id='word_1_228' title='bbox 1850 2306 1950 2379; x_wconf 84' lang='lat' dir='ltr'><strong>Ut</strong></span> <span class='ocrx_word' id='word_1_229' title='bbox 1964 2294 2284 2376; x_wconf 86' lang='lat' dir='ltr'><strong>mutabile</strong></span> <span class='ocrx_word' id='word_1_230' title='bbox 2298 2301 2391 2373; x_wconf 88' lang='lat' dir='ltr'><strong>est</strong></span> <span class='ocrx_word' id='word_1_231' title='bbox 2407 2355 2429 2388; x_wconf 90' lang='lat'>,</span> <span class='ocrx_word' id='word_1_232' title='bbox 2459 2300 2647 2401; x_wconf 90' lang='lat' dir='ltr'><strong>quod</strong></span> <span class='ocrx_word' id='word_1_233' title='bbox 2659 2326 2798 2374; x_wconf 87' lang='lat' dir='ltr'><strong>non</strong></span> <span class='ocrx_word' id='word_1_234' title='bbox 2813 2296 2977 2370; x_wconf 89' lang='lat' dir='ltr'><strong>sem-</strong></span> 
     </span>
     <span class='ocr_line' id='line_1_24' title="bbox 552 2396 2979 2503; baseline -0 -29"><span class='ocrx_word' id='word_1_235' title='bbox 552 2415 677 2503; x_wconf 84' lang='lat' dir='ltr'><strong>&#39;per</strong></span> <span class='ocrx_word' id='word_1_236' title='bbox 699 2422 923 2474; x_wconf 84' lang='lat' dir='ltr'><strong>manet</strong></span> <span class='ocrx_word' id='word_1_237' title='bbox 939 2399 1330 2502; x_wconf 18' lang='lat' dir='ltr'><strong>idemssquod</strong></span> <span class='ocrx_word' id='word_1_238' title='bbox 1342 2405 1436 2475; x_wconf 89' lang='lat' dir='ltr'><strong>est</strong></span> <span class='ocrx_word' id='word_1_239' title='bbox 1456 2458 1478 2491; x_wconf 90' lang='lat'><strong>,</strong></span> <span class='ocrx_word' id='word_1_240' title='bbox 1516 2401 1621 2478; x_wconf 90' lang='lat' dir='ltr'><strong>seu</strong></span> <span class='ocrx_word' id='word_1_241' title='bbox 1637 2449 1663 2483; x_wconf 89' lang='lat'>‚</span> <span class='ocrx_word' id='word_1_242' title='bbox 1697 2402 1885 2503; x_wconf 89' lang='lat' dir='ltr'><strong>quod</strong></span> <span class='ocrx_word' id='word_1_243' title='bbox 1900 2405 2083 2477; x_wconf 85' lang='lat' dir='ltr'><strong>aliter</strong></span> <span class='ocrx_word' id='word_1_244' title='bbox 2100 2425 2297 2503; x_wconf 84' lang='lat' dir='ltr'><strong>atque</strong></span> <span class='ocrx_word' id='word_1_245' title='bbox 2314 2401 2498 2475; x_wconf 87' lang='lat' dir='ltr'><strong>aliter</strong></span> <span class='ocrx_word' id='word_1_246' title='bbox 2510 2398 2569 2473; x_wconf 82' lang='lat' dir='ltr'><strong>se</strong></span> <span class='ocrx_word' id='word_1_247' title='bbox 2586 2400 2828 2475; x_wconf 87' lang='lat' dir='ltr'><strong>habete</strong></span> <span class='ocrx_word' id='word_1_248' title='bbox 2895 2396 2979 2473; x_wconf 64' lang='grc' dir='ltr'><strong>οὲ-</strong></span> 
     </span>
     <span class='ocr_line' id='line_1_25' title="bbox 549 2427 2977 2605; baseline -0 -29"><span class='ocrx_word' id='word_1_249' title='bbox 549 2502 709 2595; x_wconf 79' lang='lat' dir='ltr'><strong>test:</strong></span> <span class='ocrx_word' id='word_1_250' title='bbox 745 2509 834 2577; x_wconf 84' lang='lat' dir='ltr'><strong>ita</strong></span> <span class='ocrx_word' id='word_1_251' title='bbox 855 2525 1076 2576; x_wconf 76' lang='lat' dir='ltr'><strong>motus</strong></span> <span class='ocrx_word' id='word_1_252' title='bbox 1095 2505 1186 2576; x_wconf 86' lang='lat' dir='ltr'><strong>est</strong></span> <span class='ocrx_word' id='word_1_253' title='bbox 1199 2510 1471 2578; x_wconf 85' lang='lat' dir='ltr'><strong>variatio</strong></span> <span class='ocrx_word' id='word_1_254' title='bbox 1485 2502 1637 2577; x_wconf 83' lang='lat' dir='ltr'><strong>fitus</strong></span> <span class='ocrx_word' id='word_1_255' title='bbox 1655 2558 1678 2592; x_wconf 87' lang='lat'><strong>,</strong></span> <span class='ocrx_word' id='word_1_256' title='bbox 1704 2516 1905 2578; x_wconf 90' lang='lat' dir='ltr'><strong>&#39;motu</strong></span> <span class='ocrx_word' id='word_1_257' title='bbox 1919 2503 2066 2580; x_wconf 83' lang='lat' dir='ltr'><strong>fitus</strong></span> <span class='ocrx_word' id='word_1_258' title='bbox 2082 2504 2401 2593; x_wconf 71' lang='lat' dir='ltr'><strong>continuo</strong></span> <span class='ocrx_word' id='word_1_259' title='bbox 2423 2503 2584 2577; x_wconf 83' lang='lat' dir='ltr'><strong>alius</strong></span> <span class='ocrx_word' id='word_1_260' title='bbox 2602 2528 2795 2605; x_wconf 82' lang='lat' dir='ltr'><strong>atque</strong></span> <span class='ocrx_word' id='word_1_261' title='bbox 2815 2427 2977 2575; x_wconf 47' lang='lat' dir='ltr'><strong>agas</strong></span> 
     </span>
     <span class='ocr_line' id='line_1_26' title="bbox 548 2596 2974 2705; baseline -0 -30"><span class='ocrx_word' id='word_1_262' title='bbox 548 2608 934 2702; x_wconf 76' lang='lat' dir='ltr'><strong>aequiritur.</strong></span> <span class='ocrx_word' id='word_1_263' title='bbox 986 2602 1156 2677; x_wconf 87' lang='lat' dir='ltr'><strong>Vide</strong></span> <span class='ocrx_word' id='word_1_264' title='bbox 1194 2602 1652 2679; x_wconf 87' lang='lat' dir='ltr'><strong>definitionem</strong></span> <span class='ocrx_word' id='word_1_265' title='bbox 1680 2605 1918 2679; x_wconf 82' lang='lat' dir='ltr'><strong>Motus</strong></span> <span class='ocrx_word' id='word_1_266' title='bbox 1954 2615 2028 2679; x_wconf 78' lang='grc' dir='ltr'><strong>δε</strong></span> <span class='ocrx_word' id='word_1_267' title='bbox 2068 2609 2333 2705; x_wconf 79' lang='lat' dir='ltr'><strong>Qetis</strong></span> <span class='ocrx_word' id='word_1_268' title='bbox 2377 2602 2469 2677; x_wconf 87' lang='lat' dir='ltr'><strong>th.</strong></span> <span class='ocrx_word' id='word_1_269' title='bbox 2489 2632 2551 2703; x_wconf 81' lang='lat'><strong>3.</strong></span> <span class='ocrx_word' id='word_1_270' title='bbox 2581 2629 2780 2704; x_wconf 88' lang='lat' dir='ltr'><strong>atque</strong></span> <span class='ocrx_word' id='word_1_271' title='bbox 2813 2596 2974 2676; x_wconf 78' lang='lat' dir='ltr'><strong>inde</strong></span> 
     </span>
     <span class='ocr_line' id='line_1_27' title="bbox 550 2700 2976 2808; baseline -0.001 -32"><span class='ocrx_word' id='word_1_272' title='bbox 550 2711 759 2777; x_wconf 84' lang='lat' dir='ltr'><strong>etiam</strong></span> <span class='ocrx_word' id='word_1_273' title='bbox 792 2702 1125 2802; x_wconf 86' lang='lat' dir='ltr'><strong>sequentia</strong></span> <span class='ocrx_word' id='word_1_274' title='bbox 1157 2730 1539 2808; x_wconf 86' lang='lat' dir='ltr'><strong>argumenta</strong></span> <span class='ocrx_word' id='word_1_275' title='bbox 1570 2707 1760 2778; x_wconf 89' lang='lat' dir='ltr'><strong>elice.</strong></span> <span class='ocrx_word' id='word_1_276' title='bbox 1814 2708 2004 2783; x_wconf 87' lang='lat' dir='ltr'><strong>Nota</strong></span> <span class='ocrx_word' id='word_1_277' title='bbox 2020 2730 2241 2779; x_wconf 84' lang='lat' dir='ltr'><strong>autem</strong></span> <span class='ocrx_word' id='word_1_278' title='bbox 2260 2728 2411 2777; x_wconf 86' lang='lat' dir='ltr'><strong>ante</strong></span> <span class='ocrx_word' id='word_1_279' title='bbox 2430 2705 2516 2778; x_wconf 91' lang='lat' dir='ltr'><strong>ad</strong></span> <span class='ocrx_word' id='word_1_280' title='bbox 2533 2709 2799 2804; x_wconf 84' lang='lat' dir='ltr'><strong>majoris</strong></span> <span class='ocrx_word' id='word_1_281' title='bbox 2813 2700 2976 2804; x_wconf 65' lang='lat' dir='ltr'><strong>pro-‘-</strong></span> 
     </span>
     <span class='ocr_line' id='line_1_28' title="bbox 549 2801 2974 2905; baseline 0 -31"><span class='ocrx_word' id='word_1_282' title='bbox 549 2801 897 2904; x_wconf 71' lang='lat' dir='ltr'><strong>positionis</strong></span> <span class='ocrx_word' id='word_1_283' title='bbox 925 2804 1494 2878; x_wconf 83' lang='lat' dir='ltr'><strong>confirmationem</strong></span> <span class='ocrx_word' id='word_1_284' title='bbox 1515 2861 1534 2892; x_wconf 88' lang='lat'>‚</span> <span class='ocrx_word' id='word_1_285' title='bbox 1573 2803 1764 2905; x_wconf 91' lang='lat' dir='ltr'><strong>quod</strong></span> <span class='ocrx_word' id='word_1_286' title='bbox 1794 2831 1998 2879; x_wconf 85' lang='lat' dir='ltr'><strong>nemo</strong></span> <span class='ocrx_word' id='word_1_287' title='bbox 2021 2805 2236 2878; x_wconf 82' lang='lat' dir='ltr'><strong>dicere</strong></span> <span class='ocrx_word' id='word_1_288' title='bbox 2299 2806 2448 2900; x_wconf 80' lang='lat' dir='ltr'><strong>offit</strong></span> <span class='ocrx_word' id='word_1_289' title='bbox 2472 2861 2494 2896; x_wconf 88' lang='lat'><strong>,</strong></span> <span class='ocrx_word' id='word_1_290' title='bbox 2535 2806 2974 2879; x_wconf 87' lang='lat' dir='ltr'><strong>mutationem</strong></span> 
     </span>
     <span class='ocr_line' id='line_1_29' title="bbox 557 2833 2974 3005; baseline 0 -31"><span class='ocrx_word' id='word_1_291' title='bbox 557 2908 627 2974; x_wconf 89' lang='lat' dir='ltr'><strong>in</strong></span> <span class='ocrx_word' id='word_1_292' title='bbox 663 2900 857 2991; x_wconf 76' lang='lat' dir='ltr'><strong>rebus</strong></span> <span class='ocrx_word' id='word_1_293' title='bbox 893 2909 1123 2976; x_wconf 86' lang='lat' dir='ltr'><strong>creatis</strong></span> <span class='ocrx_word' id='word_1_294' title='bbox 1154 2901 1277 2975; x_wconf 81' lang='lat' dir='ltr'><strong>effe</strong></span> <span class='ocrx_word' id='word_1_295' title='bbox 1307 2910 1516 3005; x_wconf 85' lang='lat' dir='ltr'><strong>magis</strong></span> <span class='ocrx_word' id='word_1_296' title='bbox 1531 2902 1886 3005; x_wconf 84' lang='lat' dir='ltr'><strong>pofitivum</strong></span> <span class='ocrx_word' id='word_1_297' title='bbox 1904 2904 2066 3005; x_wconf 89' lang='lat' dir='ltr'><strong>quid</strong></span> <span class='ocrx_word' id='word_1_298' title='bbox 2085 2961 2106 2993; x_wconf 90' lang='lat'>,</span> <span class='ocrx_word' id='word_1_299' title='bbox 2145 2833 2348 3005; x_wconf 53' lang='lat' dir='ltr'><strong>qugn</strong></span> <span class='ocrx_word' id='word_1_300' title='bbox 2368 2907 2458 2979; x_wconf 86' lang='lat' dir='ltr'><strong>est</strong></span> <span class='ocrx_word' id='word_1_301' title='bbox 2476 2902 2974 2989; x_wconf 69' lang='lat' dir='ltr'><strong>immutabilitas</strong></span> 
     </span>
     <span class='ocr_line' id='line_1_30' title="bbox 503 2996 2900 3101; baseline 0.002 -29"><span class='ocrx_word' id='word_1_302' title='bbox 503 3054 512 3062; x_wconf 84' lang='lat'><em>-</em></span> <span class='ocrx_word' id='word_1_303' title='bbox 548 3003 624 3072; x_wconf 78' lang='lat' dir='ltr'><strong>-in</strong></span> <span class='ocrx_word' id='word_1_304' title='bbox 637 3003 795 3073; x_wconf 91' lang='lat' dir='ltr'><strong>Deo</strong></span> <span class='ocrx_word' id='word_1_305' title='bbox 819 3033 840 3088; x_wconf 80' lang='lat'>3</span> <span class='ocrx_word' id='word_1_306' title='bbox 877 2996 980 3073; x_wconf 87' lang='lat' dir='ltr'><strong>sed</strong></span> <span class='ocrx_word' id='word_1_307' title='bbox 1005 3026 1238 3073; x_wconf 83' lang='lat' dir='ltr'><strong>omnes</strong></span> <span class='ocrx_word' id='word_1_308' title='bbox 1308 3006 1483 3076; x_wconf 75' lang='lat' dir='ltr'><strong>otius</strong></span> <span class='ocrx_word' id='word_1_309' title='bbox 1502 3011 1780 3077; x_wconf 84' lang='lat' dir='ltr'><strong>maxima</strong></span> <span class='ocrx_word' id='word_1_310' title='bbox 1798 3032 1951 3079; x_wconf 87' lang='lat' dir='ltr'><strong>cum</strong></span> <span class='ocrx_word' id='word_1_311' title='bbox 1967 3014 2219 3082; x_wconf 85' lang='lat' dir='ltr'><strong>ratione</strong></span> <span class='ocrx_word' id='word_1_312' title='bbox 2241 3005 2460 3085; x_wconf 83' lang='lat' dir='ltr'><strong>dicant</strong></span> <span class='ocrx_word' id='word_1_313' title='bbox 2478 3012 2900 3101; x_wconf 80' lang='lat' dir='ltr'><strong>contrarium.</strong></span> 
     </span>
     <span class='ocr_line' id='line_1_31' title="bbox 545 3100 2970 3202; baseline 0.002 -30"><span class='ocrx_word' id='word_1_314' title='bbox 545 3195 553 3202; x_wconf 93' lang='lat'>.</span> <span class='ocrx_word' id='word_1_315' title='bbox 654 3113 766 3174; x_wconf 89' lang='lat'><strong>26.</strong></span> <span class='ocrx_word' id='word_1_316' title='bbox 821 3105 890 3173; x_wconf 86' lang='lat' dir='ltr'><strong>Si</strong></span> <span class='ocrx_word' id='word_1_317' title='bbox 924 3104 1110 3198; x_wconf 83' lang='lat' dir='ltr'><strong>quies</strong></span> <span class='ocrx_word' id='word_1_318' title='bbox 1128 3106 1196 3171; x_wconf 90' lang='lat' dir='ltr'><strong>in</strong></span> <span class='ocrx_word' id='word_1_319' title='bbox 1218 3104 1267 3172; x_wconf 86' lang='grc' dir='ltr'>Ρ</span> <span class='ocrx_word' id='word_1_320' title='bbox 1319 3100 1569 3192; x_wconf 80' lang='lat' dir='ltr'><strong>yficisse</strong></span> <span class='ocrx_word' id='word_1_321' title='bbox 1584 3103 1786 3178; x_wconf 87' lang='lat' dir='ltr'><strong>habet</strong></span> <span class='ocrx_word' id='word_1_322' title='bbox 1802 3105 1889 3180; x_wconf 84' lang='lat' dir='ltr'><strong>ad</strong></span> <span class='ocrx_word' id='word_1_323' title='bbox 1904 3126 2161 3197; x_wconf 82' lang='lat' dir='ltr'><strong>motum</strong></span> <span class='ocrx_word' id='word_1_324' title='bbox 2182 3153 2207 3187; x_wconf 90' lang='lat'>‚</span> <span class='ocrx_word' id='word_1_325' title='bbox 2243 3131 2313 3181; x_wconf 87' lang='lat' dir='ltr'><strong>ut</strong></span> <span class='ocrx_word' id='word_1_326' title='bbox 2327 3109 2690 3181; x_wconf 84' lang='lat' dir='ltr'><strong>constantia</strong></span> <span class='ocrx_word' id='word_1_327' title='bbox 2706 3116 2771 3179; x_wconf 86' lang='lat' dir='ltr'><strong>in</strong></span> <span class='ocrx_word' id='word_1_328' title='bbox 2786 3103 2970 3178; x_wconf 84' lang='lat' dir='ltr'><strong>Ethi-</strong></span> 
     </span>
     <span class='ocr_line' id='line_1_32' title="bbox 537 3198 2972 3310; baseline 0 -37"><span class='ocrx_word' id='word_1_329' title='bbox 537 3201 648 3306; x_wconf 55' lang='grc' dir='ltr'><strong>[εἰς</strong></span> <span class='ocrx_word' id='word_1_330' title='bbox 681 3199 768 3272; x_wconf 88' lang='lat' dir='ltr'><strong>ad</strong></span> <span class='ocrx_word' id='word_1_331' title='bbox 803 3198 1306 3272; x_wconf 85' lang='lat' dir='ltr'><strong>inconstantiam</strong></span> <span class='ocrx_word' id='word_1_332' title='bbox 1325 3255 1347 3289; x_wconf 88' lang='lat'>,</span> <span class='ocrx_word' id='word_1_333' title='bbox 1379 3226 1534 3275; x_wconf 84' lang='lat' dir='ltr'><strong>tunc</strong></span> <span class='ocrx_word' id='word_1_334' title='bbox 1555 3210 1780 3305; x_wconf 90' lang='lat' dir='ltr'><strong>utique</strong></span> <span class='ocrx_word' id='word_1_335' title='bbox 1802 3208 1897 3279; x_wconf 86' lang='lat' dir='ltr'><strong>est</strong></span> <span class='ocrx_word' id='word_1_336' title='bbox 1914 3204 2268 3308; x_wconf 84' lang='lat' dir='ltr'><strong>pofitivum</strong></span> <span class='ocrx_word' id='word_1_337' title='bbox 2288 3209 2445 3305; x_wconf 81' lang='lat' dir='ltr'><strong>quid</strong></span> <span class='ocrx_word' id='word_1_338' title='bbox 2461 3263 2477 3290; x_wconf 88' lang='lat'>‚</span> <span class='ocrx_word' id='word_1_339' title='bbox 2513 3217 2582 3281; x_wconf 71' lang='grc' dir='ltr'><strong>ὅ(</strong></span> <span class='ocrx_word' id='word_1_340' title='bbox 2604 3208 2972 3310; x_wconf 84' lang='lat' dir='ltr'><strong>magisqui·</strong></span> 
     </span>
     <span class='ocr_line' id='line_1_33' title="bbox 542 3296 2969 3407; baseline 0.002 -35"><span class='ocrx_word' id='word_1_341' title='bbox 542 3298 707 3373; x_wconf 82' lang='lat' dir='ltr'><strong>dem</strong></span> <span class='ocrx_word' id='word_1_342' title='bbox 724 3296 1076 3401; x_wconf 83' lang='lat' dir='ltr'><strong>positivum</strong></span> <span class='ocrx_word' id='word_1_343' title='bbox 1095 3352 1116 3385; x_wconf 89' lang='lat'><strong>,</strong></span> <span class='ocrx_word' id='word_1_344' title='bbox 1144 3299 1341 3399; x_wconf 67' lang='lat' dir='ltr'><strong>qudm</strong></span> <span class='ocrx_word' id='word_1_345' title='bbox 1361 3301 1493 3405; x_wconf 72' lang='lat' dir='ltr'><strong>ipse</strong></span> <span class='ocrx_word' id='word_1_346' title='bbox 1511 3330 1753 3381; x_wconf 86' lang='lat' dir='ltr'><strong>motus.</strong></span> <span class='ocrx_word' id='word_1_347' title='bbox 1810 3312 2058 3407; x_wconf 86' lang='lat' dir='ltr'><strong>Atqui,</strong></span> <span class='ocrx_word' id='word_1_348' title='bbox 2093 3316 2227 3381; x_wconf 73' lang='grc' dir='ltr'><strong>δίε.</strong></span> <span class='ocrx_word' id='word_1_349' title='bbox 2255 3307 2642 3381; x_wconf 83' lang='lat' dir='ltr'><strong>Constantia</strong></span> <span class='ocrx_word' id='word_1_350' title='bbox 2659 3314 2969 3383; x_wconf 85' lang='lat' dir='ltr'><strong>nimirum</strong></span> 
     </span>
     <span class='ocr_line' id='line_1_34' title="bbox 542 3398 2971 3507; baseline 0.001 -33"><span class='ocrx_word' id='word_1_351' title='bbox 542 3400 731 3474; x_wconf 79' lang='lat' dir='ltr'><strong>idem</strong></span> <span class='ocrx_word' id='word_1_352' title='bbox 750 3400 840 3473; x_wconf 82' lang='lat' dir='ltr'><strong>est</strong></span> <span class='ocrx_word' id='word_1_353' title='bbox 855 3398 1571 3498; x_wconf 82' lang='lat' dir='ltr'><strong>quodimmutabilitas‚</strong></span> <span class='ocrx_word' id='word_1_354' title='bbox 1595 3416 1665 3481; x_wconf 85' lang='lat'>&amp;</span> <span class='ocrx_word' id='word_1_355' title='bbox 1682 3409 2114 3480; x_wconf 80' lang='lat' dir='ltr'><strong>inconstantia</strong></span> <span class='ocrx_word' id='word_1_356' title='bbox 2129 3405 2309 3478; x_wconf 88' lang='lat' dir='ltr'><strong>idem</strong></span> <span class='ocrx_word' id='word_1_357' title='bbox 2333 3406 2522 3507; x_wconf 89' lang='lat' dir='ltr'><strong>quod</strong></span> <span class='ocrx_word' id='word_1_358' title='bbox 2542 3408 2971 3484; x_wconf 74' lang='lat' dir='ltr'><strong>mutabilitas.</strong></span> 
     </span>
     <span class='ocr_line' id='line_1_35' title="bbox 538 3495 2972 3610; baseline 0.002 -37"><span class='ocrx_word' id='word_1_359' title='bbox 538 3507 620 3573; x_wconf 82' lang='lat' dir='ltr'><strong>&#39;In</strong></span> <span class='ocrx_word' id='word_1_360' title='bbox 644 3528 729 3574; x_wconf 87' lang='lat' dir='ltr'><strong>eo</strong></span> <span class='ocrx_word' id='word_1_361' title='bbox 751 3500 1003 3574; x_wconf 76' lang='lat' dir='ltr'><strong>tautum</strong></span> <span class='ocrx_word' id='word_1_362' title='bbox 1018 3495 1381 3605; x_wconf 81' lang='lat' dir='ltr'><strong>differentia</strong></span> <span class='ocrx_word' id='word_1_363' title='bbox 1407 3507 1535 3588; x_wconf 85' lang='lat' dir='ltr'><strong>est,</strong></span> <span class='ocrx_word' id='word_1_364' title='bbox 1571 3506 1763 3606; x_wconf 90' lang='lat' dir='ltr'><strong>quod</strong></span> <span class='ocrx_word' id='word_1_365' title='bbox 1778 3514 1843 3579; x_wconf 89' lang='lat' dir='ltr'><strong>in</strong></span> <span class='ocrx_word' id='word_1_366' title='bbox 1860 3507 2104 3581; x_wconf 82' lang='lat' dir='ltr'><strong>Ethicis</strong></span> <span class='ocrx_word' id='word_1_367' title='bbox 2114 3505 2466 3607; x_wconf 65' lang='lat' dir='ltr'><strong>positivum</strong></span> <span class='ocrx_word' id='word_1_368' title='bbox 2486 3500 2817 3610; x_wconf 58' lang='lat' dir='ltr'><strong>Constantia</strong></span> <span class='ocrx_word' id='word_1_369' title='bbox 2837 3534 2972 3610; x_wconf 88' lang='lat' dir='ltr'><strong>po·</strong></span> 
     </span>
     <span class='ocr_line' id='line_1_36' title="bbox 542 3599 2970 3709; baseline 0.003 -37"><span class='ocrx_word' id='word_1_370' title='bbox 542 3599 741 3674; x_wconf 77' lang='lat' dir='ltr'><strong>fitivo</strong></span> <span class='ocrx_word' id='word_1_371' title='bbox 772 3606 1042 3673; x_wconf 88' lang='lat' dir='ltr'><strong>nomine</strong></span> <span class='ocrx_word' id='word_1_372' title='bbox 1062 3645 1087 3678; x_wconf 81' lang='lat'>‚</span> <span class='ocrx_word' id='word_1_373' title='bbox 1121 3605 1513 3702; x_wconf 82' lang='lat' dir='ltr'><strong>privativum</strong></span> <span class='ocrx_word' id='word_1_374' title='bbox 1549 3605 1925 3702; x_wconf 70' lang='lat' dir='ltr'><strong>inconstantia</strong></span> <span class='ocrx_word' id='word_1_375' title='bbox 1953 3612 2279 3706; x_wconf 85' lang='lat' dir='ltr'><strong>privativo</strong></span> <span class='ocrx_word' id='word_1_376' title='bbox 2307 3615 2577 3683; x_wconf 85' lang='lat' dir='ltr'><strong>nomine</strong></span> <span class='ocrx_word' id='word_1_377' title='bbox 2599 3666 2621 3699; x_wconf 88' lang='lat'><strong>,</strong></span> <span class='ocrx_word' id='word_1_378' title='bbox 2661 3611 2733 3686; x_wconf 91' lang='lat' dir='ltr'><strong>id</strong></span> <span class='ocrx_word' id='word_1_379' title='bbox 2772 3602 2970 3709; x_wconf 86' lang='lat' dir='ltr'><strong>quod</strong></span> 
     </span>
     <span class='ocr_line' id='line_1_37' title="bbox 540 3698 2975 3807; baseline 0.004 -36"><span class='ocrx_word' id='word_1_380' title='bbox 540 3698 722 3771; x_wconf 74' lang='grc' dir='ltr'><strong>τεᾶὲ</strong></span> <span class='ocrx_word' id='word_1_381' title='bbox 758 3699 872 3781; x_wconf 79' lang='lat' dir='ltr'><strong>fit,</strong></span> <span class='ocrx_word' id='word_1_382' title='bbox 910 3699 1293 3802; x_wconf 82' lang='lat' dir='ltr'><strong>defiguatur.</strong></span> <span class='ocrx_word' id='word_1_383' title='bbox 1347 3708 1439 3779; x_wconf 85' lang='lat' dir='ltr'><strong>At</strong></span> <span class='ocrx_word' id='word_1_384' title='bbox 1471 3710 1541 3777; x_wconf 86' lang='lat' dir='ltr'><strong>in</strong></span> <span class='ocrx_word' id='word_1_385' title='bbox 1560 3703 2021 3807; x_wconf 84' lang='lat' dir='ltr'><strong>Metaphyficis</strong></span> <span class='ocrx_word' id='word_1_386' title='bbox 2039 3759 2064 3796; x_wconf 90' lang='lat'>‚</span> <span class='ocrx_word' id='word_1_387' title='bbox 2093 3706 2207 3782; x_wconf 90' lang='lat' dir='ltr'><strong>ubi</strong></span> <span class='ocrx_word' id='word_1_388' title='bbox 2220 3709 2536 3787; x_wconf 87' lang='lat' dir='ltr'><strong>mutabile</strong></span> <span class='ocrx_word' id='word_1_389' title='bbox 2555 3710 2642 3784; x_wconf 86' lang='lat' dir='ltr'><strong>ab</strong></span> <span class='ocrx_word' id='word_1_390' title='bbox 2658 3716 2975 3785; x_wconf 82' lang='lat' dir='ltr'><strong>immuta-</strong></span> 
     </span>
     <span class='ocr_line' id='line_1_38' title="bbox 538 3794 2445 3909; baseline 0.006 -37"><span class='ocrx_word' id='word_1_391' title='bbox 538 3797 661 3872; x_wconf 75' lang='lat' dir='ltr'><strong>bili</strong></span> <span class='ocrx_word' id='word_1_392' title='bbox 679 3794 1120 3902; x_wconf 84' lang='lat' dir='ltr'><strong>distinguitur,</strong></span> <span class='ocrx_word' id='word_1_393' title='bbox 1153 3813 1557 3880; x_wconf 79' lang='lat' dir='ltr'><strong>contrarium</strong></span> <span class='ocrx_word' id='word_1_394' title='bbox 1583 3814 1835 3893; x_wconf 84' lang='lat' dir='ltr'><strong>evenit,</strong></span> <span class='ocrx_word' id='word_1_395' title='bbox 1875 3817 1946 3882; x_wconf 75' lang='grc' dir='ltr'><strong>δε</strong></span> <span class='ocrx_word' id='word_1_396' title='bbox 1967 3810 2236 3909; x_wconf 87' lang='lat' dir='ltr'><strong>quidem</strong></span> <span class='ocrx_word' id='word_1_397' title='bbox 2250 3812 2445 3888; x_wconf 58' lang='lat' dir='ltr'><strong>male.</strong></span> 
     </span>
     <span class='ocr_line' id='line_1_39' title="bbox 528 3900 2970 4010; baseline 0.002 -37"><span class='ocrx_word' id='word_1_398' title='bbox 528 3932 531 3935; x_wconf 95' lang='lat'>·</span> <span class='ocrx_word' id='word_1_399' title='bbox 636 3923 751 3998; x_wconf 81' lang='lat'><strong>27.</strong></span> <span class='ocrx_word' id='word_1_400' title='bbox 802 3900 1107 4003; x_wconf 65' lang='lat' dir='ltr'><strong>Adhaect.</strong></span> <span class='ocrx_word' id='word_1_401' title='bbox 1133 3901 1179 3977; x_wconf 81' lang='lat' dir='ltr'><strong>fi</strong></span> <span class='ocrx_word' id='word_1_402' title='bbox 1213 3913 1398 4007; x_wconf 84' lang='lat' dir='ltr'><strong>quies</strong></span> <span class='ocrx_word' id='word_1_403' title='bbox 1420 3916 1491 3983; x_wconf 87' lang='lat'>&amp;</span> <span class='ocrx_word' id='word_1_404' title='bbox 1517 3933 1741 3984; x_wconf 82' lang='lat' dir='ltr'><strong>motus</strong></span> <span class='ocrx_word' id='word_1_405' title='bbox 1773 3905 2083 3995; x_wconf 79' lang='lat' dir='ltr'><strong>differunt</strong></span> <span class='ocrx_word' id='word_1_406' title='bbox 2115 3906 2280 3999; x_wconf 76' lang='lat' dir='ltr'><strong>ficut</strong></span> <span class='ocrx_word' id='word_1_407' title='bbox 2298 3911 2481 3986; x_wconf 84' lang='lat' dir='ltr'><strong>idern</strong></span> <span class='ocrx_word' id='word_1_408' title='bbox 2498 3935 2575 4003; x_wconf 76' lang='lat' dir='ltr'><strong>ac</strong></span> <span class='ocrx_word' id='word_1_409' title='bbox 2594 3904 2921 4010; x_wconf 61' lang='lat' dir='ltr'><strong>diverfitm</strong></span> <span class='ocrx_word' id='word_1_410' title='bbox 2943 3959 2970 3992; x_wconf 89' lang='lat'>,</span> 
     </span>
     <span class='ocr_line' id='line_1_40' title="bbox 697 4029 2971 4081; baseline -0.003 3"><span class='ocrx_word' id='word_1_411' title='bbox 697 4054 707 4063; x_wconf 86' lang='lat'><strong>·</strong></span> <span class='ocrx_word' id='word_1_412' title='bbox 1652 4041 1655 4044; x_wconf 56' lang='grc'><strong><em>’</em></strong></span> <span class='ocrx_word' id='word_1_413' title='bbox 2439 4030 2446 4034; x_wconf 73' lang='grc'><em>·</em></span> <span class='ocrx_word' id='word_1_414' title='bbox 2804 4029 2971 4081; x_wconf 82' lang='lat' dir='ltr'><strong>tunc</strong></span> 
     </span>
    </p>
   </div>
  </div>
 </body>
</html>
