3391 4418
577 135 739 242 *¹3⁸
1234 122 2341 209 Πιείιύϊιιτῑο

590 258 694 324 rit.
746 249 835 319 At
868 239 977 312 hic
1012 240 1077 317 in
1097 239 1383 339 generali
1405 235 2005 338 Physicaprincipia
2024 234 2320 334 quae‘dam
2337 234 2805 306 communiora
2827 230 2897 308 Bc
2918 228 3017 306 fa.

590 350 819 437 §iliora
839 340 1347 435 haut,immerito
1366 346 1734 437 quaerimus.
2630 362 2662 379 ·’·
3004 368 3009 373 “

694 474 763 541 9.
813 450 979 518 Haec
1003 432 1229 512 'a’utem
1253 440 1409 512 cum
1430 465 1567 509 non
1583 438 1620 512 a
1636 436 1835 541 vulgo
1854 437 2135 511 ἰηάοᾶο
2157 493 2175 520 ,
2213 440 2427 536 neque
2444 436 2481 508 εὶ
2497 431 2909 536 philosophis
2927 440 3023 506 ni·

599 559 808 625 mium
823 538 1099 616 fortassis
1114 545 1181 611 in
1200 536 1440 613 Schola
1457 538 1674 612 doctis
1693 538 1940 612 desumi
1957 538 2198 640 poffint
2236 537 2463 631 (valde
2488 541 2666 608 enim
2691 535 2904 608 timidi
2925 531 3027 607 fit·

555 720 562 723 A
604 676 745 723 mus
781 644 864 716 ad
895 668 968 713 ea
1006 668 1150 740 quae
1186 665 1324 713 non
1359 637 1501 712 satis
1542 645 1836 741 capimus
1869 640 2281 740 recipienda)
2321 640 2358 712 a
2382 637 2869 711 Mathematicis
2889 641 3029 746 peti

605 745 785 853 posse
819 742 1144 818 videntur.
1211 743 1391 813 Nam
1433 739 1588 813 ciam
1625 738 1874 829 Phyfici
1908 745 2221 812 hactenus
2239 735 2476 811 fere-usi
2499 733 3031 810 fintformisiub-

601 843 1047 927 stantialibus‚
1081 839 1504 940 qualitatibus
1539 839 1886 913 manifestis
1921 850 1991 914 δι
2023 839 2335 918 occultis,
2375 864 2536 937 quas
2568 862 2842 916 vocant,
2879 862 3033 936 per-2

609 946 977 1023 sectionem
1013 939 1188 1013 suam
1221 938 1480 1014 scientia
1514 941 1816 1033 naturalis
1840 964 1942 1013 tot
1967 937 2190 1012 seculis
2218 937 2731 1037 haudquaquam
2754 937 3036 1010 assi-cura

610 1051 723 1122 est.
780 1052 1036 1121 Contra
1076 1040 1561 1115 Mathematicae
1602 1039 1945 1142 disciplina:
1961 1046 2314 1113 innumeris
2328 1038 2526 1138 iisque
2549 1036 2905 1110 certifflmis
2922 1038 3045 1109 de·

611 1144 1191 1224 monstrationibus
1214 1152 1345 1241 jam
1363 1141 1614 1214 dudum
1630 1138 1854 1246 gavisae
1870 1140 1954 1214 ad
1970 1146 2273 1241 optatum
2291 1140 2490 1213 finem
2511 1165 2882 1240 pervenere.

728 1273 836 1321 ιο.
885 1252 980 1317 At
1004 1240 1240 1341 quibus
1267 1242 1359 1315 ufi
1377 1242 1516 1316 sunt
1542 1242 1998 1316 Mathematici
2015 1244 2347 1343 principiis
2375 1260 2396 1313 ἓ
2433 1238 2629 1341 Resp.
2655 1240 2870 1340 primo
2938 1242 3044 1307 ui-

617 1348 776 1422 ·dem
796 1345 888 1443 ufi
905 1343 1048 1417 sunt
1069 1341 1313 1416 eodem
1333 1343 1451 1417 illo
1473 1350 1538 1415 in
1555 1344 1830 1446 longum
1849 1388 1870 1422 ‚
1891 1342 2093 1415 latum
2112 1353 2179 1415 δι
2196 1339 2605 1442 profundum
2623 1263 3049 1412 extensoiisb-

615 1450 822 1545 jectu,
844 1443 1202 1543 quodlicet
1222 1469 1460 1543 corpus
1480 1444 2032 1518 Mathematicum
2053 1464 2329 1516 vocetur
2345 1440 2429 1512 ab
2443 1444 2609 1527 aliis,
2625 1439 2826 1512 nobis
2846 1443 3046 1510 etiam

620 1575 748 1651 pro
781 1572 939 1618 vero
976 1571 1255 1646 corpore
1291 1552 1357 1614 in
1396 1543 1662 1640 Physica
1693 1543 1914 1616 saltem
1940 1541 2221 1641 generali
2261 1540 2637 1613 habendum
2670 1538 2791 1612 esse
2816 1540 3052 1611 docui-

625 1668 770 1719 mus
791 1699 814 1731 ‚
848 1642 1007 1744 disp.
1047 1670 1095 1719 v
1116 1672 1170 1717 1.
1205 1641 1520 1743 203seqq·
1581 1643 1846 1714 Deinde
1880 1647 1949 1712 in
1976 1639 2094 1716 illo
2128 1638 2425 1739 subjecto
2458 1637 2717 1713 extenso
2755 1635 3055 1726 confide-

522 1778 540 1797 ·
571 1814 587 1835 ,
625 1769 853 1820 {arunt
883 1771 905 1816 1
922 1797 941 1816 .
960 1750 1396 1843 quantitatem
1408 1750 1797 1813 continuam
1812 1749 1878 1814 &
1898 1738 2413 1827 distteram,hoc
2427 1743 2515 1814 est
2533 1765 2779 1814 certam
2797 1741 3058 1841 magni·

630 1845 875 1923 tudinis
913 1855 983 1919 &
1018 1840 1481 1921 multitudinis,
1519 1867 1660 1939 quae
1693 1846 1760 1913 in
1798 1837 2089 1937 partibus
2115 1886 2138 1921 ‚
2174 1839 2558 1914 mensuram.
2587 1846 2928 1942 &Figuras
2944 1839 3056 1913 seu

535 1964 542 1965 ’
630 1946 877 2021 modos
910 1948 1126 2015 varios
1160 1940 1397 2040 quibus
1427 1942 1711 2013 extensio
1750 1947 2153 2015 terminatur.
2219 1968 2280 2032 3.
2304 1949 2515 2017 Situm
2545 1941 2651 2014 seu
2686 1939 3057 2042 dispositio-

514 2082 520 2089 ·
632 2056 790 2118 nem
857 2050 1004 2115 artis
1020 2040 1580 2113 uniusinteralias.
1601 2071 1673 2133 4.
1695 2040 1966 2113 Motum
1983 2037 2728 2116 seumutationemfitus.
2757 2067 2821 2138 5.
2842 2046 3057 2145 Qez·

634 2169 772 2220 rem
792 2073 897 2217 (gu
919 2139 1442 2243 permansionem
1461 2146 1528 2212 in
1545 2139 1786 2213 eodem
1808 2137 1951 2215 situ.
2791 2174 2794 2179 ·

746 2270 820 2316 11
836 2296 854 2316 .
908 2243 1115 2339 Qid
1146 2249 1339 2344 igitur
1363 2266 1573 2328 vetat,
1615 2245 1756 2341 quo
1781 2242 1994 2315 minias
2014 2252 2083 2316 ὅ(
2103 2249 2310 2335 nos-in
2329 2241 2605 2341 Phyficae
2619 2249 2824 2346 princi
2875 2251 2943 2318 io
2958 2242 3061 2317 iis-

638 2344 795 2417 dem
817 2367 1075 2415 utamur
1100 2361 1121 2415 2
1159 2343 1419 2443 ani
1437 2339 1760 2444 speremus
1780 2371 1857 2415 ea
1881 2341 2074 2415 nobis
2087 2341 2429 2444 profu'tura
2447 2401 2469 2433 ,
2509 2372 2652 2445 quae
2672 2274 3060 2447 profiierunt

637 2447 802 2520 illis?
835 2449 924 2516 At
950 2448 1168 2542 inquis
1197 2496 1219 2529 ,
1272 2441 1727 2516 Mathematici
1753 2441 2071 2518 abstracte:
2105 2444 2188 2516 de
2218 2445 2455 2519 talibus
2482 2473 2726 2548 agunt,
2761 2447 2958 2549 prout
2990 2454 3060 2517 in

638 2551 862 2620 animo
894 2541 1069 2616 sunt:
1107 2543 1357 2642 Phyfici
1382 2545 1472 2616 est
1492 2541 1715 2617 versari
1733 2548 1802 2616 in
1820 2545 2015 2618 rebus
2036 2554 2361 2621 concretis
2377 2573 2575 2648 atque
2592 2549 2676 2622 ad
2693 2569 2918 2622 verum
2932 2546 3060 2620 hu-

638 2656 739 2748 jus
762 2644 996 2719 mundi
1014 2646 1246 2719 statum
1268 2649 1496 2719 omnia
1515 2644 1866 2746 applicare.
2742 2701 2750 2722 2

749 2775 774 2818 1
794 2774 857 2819 2.
910 2744 1103 2847 Resp.
1140 2747 1218 2819 ld
1249 2747 1522 2819 minime
1554 2747 1825 2845 quidem
1848 2749 2309 2825 inficiasimus:
2346 2750 2603 2823 tantum
2621 2747 3017 2823 affirmamus
3038 2795 3065 2834 ,

644 2873 767 2918 nos
804 2844 962 2916 nihil
992 2873 1224 2917 eorum
1249 2902 1264 2926 ,
1308 2874 1450 2944 quae
1468 2846 1551 2917 ab
1575 2851 1712 2919 aliis
1730 2849 2193 2935 admittuntur,
2231 2849 2564 2952 praefradke
2585 2849 2929 2950 negando-2
2962 2847 3064 2922 his

642 2943 789 3017 solis
809 2948 1000 3048 initio
1017 2943 1236 3015 usuros
1253 2953 1317 3016 δε
1336 2952 1595 3019 nixuros
1615 3002 1635 3034 ,
1661 2973 1733 3020 ut
1756 2976 2051 3046 quonam
2070 2976 2191 3025 nos
2214 2953 2450 3025 ducere
2468 2952 2724 3025 valeant
2736 2950 2933 3023 rebus
2951 2974 3063 3022 ac-

646 3041 1080 3118 commodata
1105 3051 1424 3115 concretis
1440 3043 1871 3119 addiscamus.
2406 3055 2431 3078 ²

750 3169 777 3214 1
803 3171 861 3232 3.
913 3146 1064 3242 Spei
1085 3141 1166 3213 de
1183 3139 1361 3214 felici
1382 3168 1618 3216 eventu
1642 3172 1981 3316 concesptae
1998 3146 2110 3222 has
2127 3157 2300 3223 inter
2314 3151 2464 3223 alias
2477 3150 2685 3225 causas
2708 3150 3061 3223 habemus:

650 3269 714 3318 ι.
749 3240 937 3337 quod
963 3241 1141 3314 idem
1177 3241 1537 3334 subjeetum
1577 3242 1651 3316 fit
1687 3246 1824 3339 Phy
1850 3274 1983 3320 »ces
2016 3250 2204 3346 quod
2239 3247 2633 3326 Matheseos.
2691 3254 2844 3324 Nec
2870 3246 3066 3324 refert

643 3341 837 3442 quod
875 3338 1173 3433 Phyficus
1212 3343 1296 3414 ad
1319 3350 1521 3444 magis
1540 3342 1833 3444 specialia
1851 3345 2186 3421 descendit
2204 3350 2401 3447 quim
2425 3375 2619 3449 purus
2641 3352 3069 3427 Mathemati-

645 3469 782 3515 cus.
834 3448 997 3515 Satis
1011 3442 1100 3512 est
1123 3497 1142 3525 ,
1184 3443 1370 3541 quod
1389 3451 1455 3514 in
1471 3445 1711 3519 eodem
1732 3472 1945 3520 rerum
2009 3475 2199 3522 encre
2214 3447 2502 3550 persistit.
2546 3453 2872 3530 Constans
2890 3455 3067 3526 enim

645 3546 737 3614 est
760 3542 866 3615 ille
892 3540 1370 3642 disciplinarum
1395 3545 1568 3617 ordo
1589 3591 1607 3626 ‚
1638 3575 1778 3646 quo
1804 3547 1888 3618 de
1909 3475 2203 3641 suffijecsto
2227 3549 2452 3648 aliquo
2472 3555 2855 3654 generaliter
2874 3576 3069 3652 atque

644 3642 928 3715 universe
957 3641 1219 3744 cognita
1247 3642 1349 3715 vel
1376 3642 1550 3717 dista
1579 3692 1601 3726 ‚
1634 3646 2130 3747 particularibus
2151 3648 2262 3725 sub
2283 3678 2366 3722 co
2383 3659 2716 3727 contentis
2736 3656 3071 3757 applicat&

645 3764 749 3814 tur
764 3797 785 3828 ‚
818 3769 954 3816 non
975 3741 1106 3816 fine
1127 3741 1345 3818 srutstu
1361 3742 1681 3847 singulari.
2200 3781 2215 3790 ·

754 3871 864 3941 ¹4·
922 3872 991 3917 2.
1021 3845 1236 3942 ‘Qod
1282 3851 1592 3918 enarratis
1619 3872 1978 3949 corporum
2004 3847 2459 3924 affeffionibus
2479 3853 3075 3927 omnesconditio-

638 3966 790 4032 nes,
826 3970 989 4047 quas
1010 3949 1351 4022 informis
1366 3943 1909 4038 desideravimus,
1947 3951 2249 4058 apprime
2267 3956 2686 4032 conveniant.
2738 3954 2922 4029 Nam
2940 3955 3079 4059 pri-

2959 4058 3081 4134 mo
