3391 4418
955 112 1037 199 G·
1121 140 1178 196 o
1263 141 1328 199 u
1410 140 1467 200 τ
1552 145 1613 201 R
1699 145 1759 202 A
1851 146 1900 203 c
1991 149 2045 204 τ
2138 148 2223 205 Α.
2725 153 2756 208 1
2780 154 2819 233 5·

490 258 531 305 2
549 258 575 303 1
592 240 638 302 6
642 283 661 304 .
713 225 966 306 eladii,
980 250 1158 309 acus,
1191 252 1548 303 mucrones
1568 235 1703 306 vim
1723 258 2033 337 magnam
2055 233 2339 320 habent,
2375 235 2493 309 ubi
2513 242 2821 312 omnium

385 336 676 433 partium
713 335 783 401 in
810 354 1016 402 unum
1050 325 1229 426 quasi
1252 334 1578 431 punctum
1618 339 1760 406 coit
1790 362 1808 406 ε
1846 361 2050 433 quem
2089 341 2289 410 etiam
2323 337 2405 410 ad
2437 334 2726 411 modum
2748 343 2816 410 in

387 455 696 505 concavo
717 424 1010 530 quodam
1028 425 1293 600 {Saeculo
1313 429 1489 504 Solis
1502 431 1667 503 radii
1683 438 2110 534 excipiuntur.
2760 424 2786 444 ⁰

497 556 664 619 217.
714 537 829 606 Vis
867 554 1031 631 agen
1083 534 1103 599 i
1141 553 1218 598 ac
1248 527 1574 605 refistendi
1627 560 1664 603 2
1708 533 1958 634 pendet
1988 534 2025 608 ἃ
2060 538 2444 632 magnitudine
2470 536 2805 631 superficiei,

487 657 525 701 a
556 636 912 731 corporum
939 627 1117 702 aliud
1137 626 1223 698 ab
1248 629 1381 702 alio
1409 629 1821 733 disjungitur.
1846 637 1908 711 §.
1934 649 2047 708 6⁴1.
2103 637 2269 736 Q
2300 639 2476 708 enim
2499 636 2805 713 latiorem

385 657 790 833 iiiiacrficiem
807 754 1053 831 corpus
1068 725 1294 816 habet,
1318 737 1559 803 caeteris
1570 729 2236 833 paribus2-eosacilius
2250 744 2321 826 §c
2342 743 2578 832 majori
2601 742 2799 839 copia

383 854 647 906 motum
675 830 984 903 admittit.
1605 869 1614 883 ·

486 959 525 1005 2
541 958 568 1003 1
586 940 651 1005 8.
700 938 800 1006 lta
834 928 1004 1002 moli
1023 929 1086 1031 §.
1112 956 1192 1002 ιι
1214 957 1277 1021 3.
1315 955 1401 1002 co
1484 935 1616 1005 oris
1648 929 1931 1033 sphaerici
1960 931 2324 1036 superficies
2344 934 2794 1034 magnitudine

381 1029 488 1106 sua
517 1029 806 1105 multum
842 1028 1063 1117 cedit,
1104 1030 1278 1102 unde
1308 1029 1422 1102 illu
1498 1039 1572 1104 &
1601 1045 1928 1130 majorem
1967 1040 2103 1110 vim
2133 1032 2461 1108 resistendi
2489 1030 2690 1104 habet
2722 1041 2794 1106 δε

380 1156 644 1205 motum
667 1130 916 1204 diutius
931 1136 1293 1202 continuat.
1342 1128 1535 1201 Idem
1553 1130 1901 1232 procusum
1924 1180 1945 1219 ,
1993 1157 2103 1205 aut
2122 1135 2341 1206 multis
2365 1129 2798 1205 foraminibus

378 1254 804 1316 excavatum,
865 1253 977 1301 aut
1010 1226 1318 1328 trianguli
1333 1223 1624 1299 formam
1650 1230 2292 1329 induens-superficie
2335 1229 2638 1303 dilatatur
2665 1280 2689 1313 ,
2730 1230 2799 1300 vi

382 1354 616 1405 autem
636 1326 965 1400 refistendi
984 1333 1055 1396 &
1076 1348 1297 1396 motus
1309 1323 1745 1421 persequendi
1765 1332 2097 1398 minuitur.

489 1454 529 1499 2
545 1450 573 1501 1
588 1450 658 1515 9.
712 1421 1115 1523 Hujusmodi
1130 1426 1225 1493 vis
1263 1448 1291 1512 3
1332 1421 1679 1491 metiunda
1693 1422 1793 1491 est
1802 1447 1882 1493 ex
1900 1443 2078 1495 motus
2089 1413 2363 1496 celeritate
2390 1479 2411 1512 ,
2439 1428 2796 1525 quantitate

368 1533 538 1619 ‚ejus
562 1522 825 1615 inuanssvae
845 1566 869 1601 ,
907 1526 1011 1591 cui
1042 1521 1173 1619 §.2
1190 1543 1294 1610 13.
1333 1515 1613 1620 opposui
1632 1517 2036 1597 extensivam.
2114 1524 2410 1625 Corpori
2427 1531 2604 1599 enim
2626 1523 2800 1597 cele-

393 1621 532 1695 rius
554 1642 754 1692 moto
788 1615 1037 1693 facilius
1058 1615 1302 1690 obsistit
1323 1624 1523 1691 etiam
1540 1646 1741 1722 parva
1760 1625 1876 1695 vis.
1964 1627 2062 1695 Lea
2090 1648 2308 1699 currus
2338 1651 2486 1701 rota
2501 1680 2524 1714 ,
2553 1649 2794 1729 corpus

390 1744 587 1796 tuum
604 1715 791 1794 trans
773 1716 1061 1792 volando
1073 1742 1212 1789 non
1223 1715 1469 1792 laeserit.

494 1848 666 1896 220.
720 1825 842 1894 Vis
868 1818 976 1890 illa
1000 1848 1048 1910 4
1069 1822 1340 1918 ponitur
1357 1823 1427 1891 in
1455 1826 1612 1895 vario
1628 1842 1951 1916 corporum,
1990 1822 2227 1924 quibus
2251 1847 2479 1898 mutua
2498 1828 2677 1898 actio
2695 1829 2799 1895 in*-

379 1921 478 1993 est
499 1966 523 1999 2
556 1920 768 2016 occurfit
785 1965 808 2000 ‚
839 1924 953 2018 qui
984 1942 1158 1991 nunc
1171 1924 1379 2022 magis
1395 1946 1571 1994 nunc
1586 1921 2038 1998 minus'teQus
2058 1925 2163 1999 vel
2179 1922 2492 2023 obliquus
2510 1924 2622 1997 est.
2679 1926 2792 1996 Ex.

377 2048 478 2124 gr.
492 2018 654 2122 lapis
673 2018 760 2092 ad
793 2016 1076 2093 summas
1109 2019 1316 2093 undas
1332 2026 1539 2120 justus
1552 2076 1577 2110 ,
1616 2027 1710 2095 ita
1726 2047 1802 2096 ut
1815 2027 1907 2095 eis
1922 2022 2152 2099 infiliat
2169 2079 2194 2112 ,
2231 2021 2631 2127 superficiem
2649 2022 2789 2095 illa-

376 2146 525 2193 rum
537 2146 679 2195 non
696 2120 886 2220 aeque
903 2146 980 2192 ac
1003 2121 1495 2195 reclaincidens
1510 2120 1805 2197 dividere
1815 2122 2024 2199 valet.

488 2246 648 2296 221.
701 2230 892 2297 Patet
924 2222 961 2293 ἐ
982 2217 1456 2323 superioribus,
1483 2230 1553 2296 in
1584 2247 1942 2326 pervagato
1977 2223 2132 2306 illo,
2170 2229 2344 2298 virtus
2358 2230 2518 2298 unita
2545 2225 2751 2322 sortior
2768 2276 2806 2308 ‚-

380 2314 837 2394 fortitudinem
871 2319 1142 2419 quidem
1179 2320 1453 2423 intelligi
1486 2347 1623 2395 tam
1652 2330 1721 2397 in
1750 2322 2048 2426 agendo,
2076 2320 2278 2423 quim
2302 2329 2374 2396 in
2398 2321 2793 2407 refistendo;

376 2423 699 2491 unitatem
729 2421 891 2492 vero
911 2443 1052 2490 tum
1071 2419 1359 2519 plurium
1382 2426 1451 2491 in
1470 2420 1708 2495 mobili
1729 2427 2006 2517 partium,
2032 2425 2095 2524 §.
2133 2448 2172 2493 2
2189 2448 2215 2492 ι
2230 2447 2288 2516 3.
2346 2446 2487 2496 tum
2511 2422 2798 2524 plurium

378 2524 463 2590 in
475 2541 670 2590 motu
677 2519 962 2612 graduum
980 2519 1075 2616 ..§
1101 2542 1138 2587 2
1156 2543 1181 2584 ι
1198 2542 1262 2602 9.
1318 2517 1509 2589 Adde
1528 2528 1916 2592 continuum
1936 2521 2122 2620 longi
2149 2526 2464 2618 temporis
2484 2525 2792 2592 tractum.

487 2644 528 2689 2
542 2643 579 2689 2
593 2644 660 2690 2.
714 2618 826 2687 De
848 2635 1120 2711 utraque
1136 2609 1248 2682 illa
1265 2618 1509 2685 unitate
1531 2615 1824 2713 loquitur
1839 2615 1970 2687 hoc
1988 2623 2247 2689 axioma
2271 2644 2290 2686 ι
2327 2621 2553 2686 Similia
2570 2635 2795 2706 corpora

366 2715 665 2813 infimiles
676 2735 858 2788 motus
864 2711 1045 2806 facile*
1051 2710 1413 2807 corfinium,
1432 2713 1721 2810 diffiniiliae
1735 2733 1946 2787 contra.

479 2841 651 2907 ²23·
701 2813 1016 2887 Admove
1048 2811 1387 2885 flammam
1424 2812 1740 2899 flammae,
1775 2810 2048 2888 infunde
2067 2837 2303 2910 aquam
2333 2837 2556 2911 aquae‚
2592 2813 2791 2884 etiam

364 2915 664 2991 calidam
693 2911 980 3016 frigidae,
1010 2917 1236 2986 vinum
1264 2916 1445 2989 vino,
1467 2919 1666 2987 etiam
1680 2910 1951 2989 rubrum
1975 2911 2135 2985 albo
2171 2910 2576 3005 (similitudo
2607 2913 2789 2982 enim

352 3018 514 3092 haec
532 3014 943 3089 latitudinem
963 3010 1246 3112 aliquam
1262 3008 1462 3086 habet
1493 3013 1554 3115 §.
1585 3041 1611 3090 ι
1636 3021 1784 3110 19.)
1825 3023 1896 3088 &
1923 3037 2382 3087 earumrerum
2404 3016 2790 3112 conjunctio

347 3144 534 3194 mox
553 3118 759 3189 oculis
771 3120 897 3189 tuis
915 3108 1381 3187 obversabitur.
1572 3118 1577 3124 ’

482 3242 650 3306 224.
701 3215 948 3291 Oleum
967 3238 1191 3314 aqua,
1208 3239 1335 3314 pto

341 3319 472 3395 do
559 3340 631 3387 et
653 3311 711 3386 se
739 3319 920 3418 jungi
941 3338 1252 3416 nequeat.
1305 3240 1379 3386 Χ

334 3416 475 3497 vel
538 3414 709 3488 tmili
729 3417 1163 3488 instrumento
1188 3410 1493 3487 adhibito
1527 3413 1674 3514 plus
1699 3413 1895 3484 solito
1912 3416 2360 3500 concitantur,
2391 3432 2668 3513 propter
2683 3433 2793 3480 ex·-
2891 3472 2904 3483 .

334 3520 547 3598 terni
571 3513 766 3616 hujus
781 3538 1005 3590 motus
1032 3511 1523 3587 similitudinem
1549 3520 1617 3584 in
1638 3536 1843 3595 unum
1861 3517 2122 3584 coe‘unt.

457 3647 509 3692 2
525 3643 564 3690 2
579 3643 640 3712 5.
700 3616 1179 3716 contemplare
1193 3611 1405 3706 butyri
1430 3616 1467 3686 ὲ
1498 3613 1755 3740 reliquo
1767 3611 1952 3684 lastis
1971 3606 2470 3711 separationem,
2498 3616 2569 3681 ἃ
2585 3608 2789 3705 quam

1386 3236 1482 3286 tet
1492 3236 1734 3288 naturae
1753 3205 2362 3290 ‘diffimilimdinem
2378 3209 2791 3285 confunden-

1369 3337 1618 3388 ttamen
1647 3313 1884 3386 eadem
1920 3311 2028 3383 illa
2049 3363 2071 3396 ‚
2123 3310 2439 3410 quamdiu
2465 3311 2792 3386 cochleari
2941 3381 2946 3386 .

321 3716 575 3823 longe
589 3741 723 3818 με
741 3720 966 3790 triticis
976 3738 1162 3817 aequa
1180 3711 1598 3786 ventilatione
1618 3742 1656 3786 e
1674 3738 1895 3786 vanno
1907 3709 2106 3810 paleae
2119 3709 2514 3784 evibrentur.
2569 3712 2652 3778 Et
2668 3706 2794 3780 iuis
2878 3716 2886 3724 ’
2941 3795 2946 3802 ἱ

323 3843 648 3930 quoque
678 3816 992 3920 exemplis
1023 3839 1280 3890 axioma
1300 3814 1363 3914 §.
1391 3838 1558 3889 222.
1591 3810 1900 3885 firmabis.

456 3947 566 3999 22
583 3931 652 3999 6.
704 3924 1024 4022 Qtuot
1052 3914 1191 3989 haec
1209 3959 1233 3994 2
1257 3940 1334 3991 cx
1355 3912 1592 4013 quibus
1616 3906 2007 4017 magnitudo
2023 3906 2253 3988 vitium
2280 3885 2796 4073 aestimandgtfi}
