3391 4418
1038 133 1123 224 C
1181 154 1242 221 o
1302 160 1368 221 u
1417 160 1463 238 1
1525 160 1596 223 tr
1653 167 1719 227 rt
1779 168 1830 226 c
1896 170 1955 227 τ
2018 170 2056 230 1
2114 156 2205 236 o.
2666 175 2833 256 409

408 257 648 335 fimum
683 248 1161 327 constantium
1188 245 1553 352 Theologis
1568 250 1833 330 ulterius
1848 262 2297 336 trutinandum
2310 261 2719 364 relinwnrr.

507 367 578 432 6.
631 356 797 429 Non
827 352 997 426 male
1013 353 1217 452 igitur
1236 351 1668 427 Terentianus
1691 354 1799 429 ille
1821 362 2157 436 convincit
2176 362 2518 437 muiieretn
2539 366 2625 439 de
2641 365 2826 446 filio.

403 455 596 561 quod
629 455 792 529 nihil
822 459 963 527 vitii
998 448 1244 522 habeat
1267 474 1513 539 mater,
1544 460 1704 552 quin
1735 464 2029 534 renatum
2060 461 2137 536 fit
2165 468 2233 534 in
2265 463 2431 537 filio.
2480 466 2651 541 vide
2689 466 2824 540 Te-

400 580 575 634 rent.
600 561 666 629 in
695 560 940 629 Heaut.
987 554 1232 650 Neque
1263 557 1554 653 ineptam
1583 561 2033 654 conjecturam
2064 567 2408 665 Diogenes
2422 561 2588 640 feeit
2608 591 2824 643 temu-

396 657 582 733 lento
610 661 840 756 juveni-
869 653 1237 749 objiciens,
1277 652 1469 751 quod
1493 678 1680 754 parer
1712 655 1919 759 ipsum
1953 662 2171 737 ebrius
2207 671 2534 766 genuerit.
2628 662 2818 741 Nihil

397 763 573 832 enim
615 762 850 829 certius
884 754 1016 834 est,
1052 753 1255 853 quam
1281 778 1667 852 parentum,
1702 764 1926 833 matris
1959 766 2346 864 praesertim,
2384 791 2531 864 quae
2563 773 2639 842 δε
2667 766 2817 869 plns

381 863 682 932 ‘materici
706 855 795 929 ad
822 858 1317 956 generationem
1347 851 1606 933 confert
1636 860 1855 951 (unde
1880 862 2131 938 causam
2160 865 2511 956 arcessitnt,
2548 873 2815 941 eurani-

390 957 521 1032 mal
552 983 630 1030 ex
664 953 927 1032 diverfis
960 952 1001 1023 s
1032 951 1294 1026 eciebus
1331 978 1638 1030 maternae
1664 959 1782 1036 fiat
1804 974 2079 1060 naturae)
2116 973 2268 1042 vitia
2287 977 2359 1042 δε
2389 970 2809 1070 praeposbecas
2864 990 2871 997 ·

385 1062 825 1163 cogitationes
840 1058 910 1125 in
931 1053 979 1123 li
1030 1057 1148 1124 cris
1164 1050 1489 1153 saepissime
1507 1054 1799 1158 effigiari.

487 1187 561 1249 7.
613 1159 869 1255 Qris
898 1149 1191 1253 insuper,
1224 1152 1591 1249 cujusmodi
1619 1167 1919 1261 corporis
1958 1167 2295 1262 animique
2326 1161 2698 1240 funffiones
2730 1194 2811 1241 o-

387 1262 648 1333 mnium
673 1259 903 1357 primae
926 1257 994 1324 in
1016 1257 1315 1325 Homine
1336 1254 1748 1353 copulentur.
1784 1257 1983 1360 Resp.
2012 1261 2142 1335 111ae
2160 1316 2180 1346 ,
2211 1289 2354 1362 quae
2370 1266 2458 1339 ad
2481 1274 2677 1341 vitam
2698 1291 2813 1340 ve-

387 1361 742 1462 getativam
817 1358 1122 1426 ertinent.
1154 1355 1401 1449 Neque
1423 1361 1597 1424 enim
1622 1356 1775 1430 alias
1794 1361 1863 1430 in
1882 1383 2071 1433 utero
2093 1370 2312 1437 matris
2330 1390 2606 1441 exercet.
2644 1373 2805 1461 Q

387 1463 644 1531 ratione
677 1382 946 1529 defendi
976 1448 1178 1552 poffit
1209 1448 1375 1523 illud
1405 1453 1768 1531 Aristotelis
1797 1510 1819 1540 ‚
1859 1462 2160 1531 Hominem
2178 1463 2362 1556 primi
2390 1472 2578 1542 vivere
2606 1470 2805 1537 anima

384 1574 711 1653 vegetante,
743 1559 871 1626 binc
893 1553 1178 1649 sentiente
1199 1603 1222 1637 ,
1258 1542 1429 1621 terti)
1452 1555 2074 1630 rationalemaenimam
2089 1567 2355 1655 accipere.
2418 1564 2610 1640 Profe
2619 1565 2733 1639 ἂὸ
2755 1561 2803 1636 fi

383 1681 580 1759 puras
607 1659 839 1728 animat
864 1652 1199 1724 rationalis
1230 1655 1645 1750 operationes
1663 1650 1773 1726 hic
1788 1652 2108 1756 intelligas
2125 1713 2146 1745 ,
2183 1663 2697 1760 paucihomines
2713 1664 2801 1736 ad

383 1756 683 1830 ultimam
722 1755 905 1826 istam
945 1748 1427 1854 perfcdkioncm
1466 1756 1534 1822 in
1572 1747 1699 1826 hac
1728 1759 1859 1826 vita
1895 1752 2253 1833 deveniunt
2284 1815 2307 1850 ,
2356 1762 2439 1837 de
2475 1791 2612 1864 quo
2646 1788 2803 1837 mox

428 1856 658 1932 lenifiS.

379 1884 426 1965 P
487 1964 554 2029 8.
602 1962 833 2058 Rogas
855 1975 1166 2055 praeterca
1197 2003 1220 2037 ,
1276 1956 1430 2050 quis
1446 1950 1714 2027 instatis
1741 1954 1810 2025 in
1841 1957 2165 2032 mundum
2203 1954 2520 2040 venientis
2553 1966 2802 2068 primus

377 2057 589 2132 sensus
619 2054 720 2129 fit:
782 2052 984 2157 Resp.
1016 2051 1211 2151 Sensus
1231 2051 1455 2131 doloris.
1516 2058 1695 2128 Nam
1734 2078 1810 2129 ut
1836 2082 2047 2132 mater
2068 2060 2475 2159 graviffimos
2508 2071 2580 2138 in
2602 2082 2800 2167 partu

376 2158 646 2233 dolores
704 2160 972 2257 ercipit:
993 2158 1085 2225 ita
1100 2150 1320 2251 proles
1339 2178 1415 2227 ex
1431 2180 1632 2250 utero
1644 2156 1986 2256 egrediens
2006 2185 2146 2233 non
2166 2163 2383 2263 potest
2396 2190 2533 2239 non
2551 2189 2795 2239 eorun-

378 2260 534 2333 dem
569 2184 701 2329 efllg
710 2257 1081 2355 particeps,
1118 2249 1280 2322 dum
1306 2257 1597 2352 angustia
1630 2254 1801 2340 loci,
1831 2283 1950 2357 per
1963 2285 2159 2358 quem
2184 2270 2348 2352 exit,
2384 2282 2628 2365 corpus
2654 2274 2794 2363 ejus

379 2356 872 2455 constringitur,
900 2360 965 2426 δι
999 2373 1164 2420 mox
1199 2358 1346 2421 ae‘re
1370 2377 1446 2421 ac
1476 2351 1721 2424 lumine
1760 2380 2025 2454 repente
2047 2364 2437 2438 circumfuso
2457 2367 2545 2437 fic
2563 2368 2797 2438 altera-

378 2477 487 2527 tur
505 2505 530 2540 ,
566 2475 641 2525 ut
667 2451 775 2524 ille
799 2455 914 2549 qui
933 2474 1010 2522 ex
1028 2445 1440 2522 tenebricoso
1463 2475 1723 2524 carcere
1741 2450 1952 2528 subito
1973 2460 2043 2528 in
2067 2463 2360 2558 apricum
2376 2465 2792 2563 producitur.

375 2558 603 2651 Itaque
633 2551 994 2643 lacrymans
1021 2543 1232 2619 infans
1264 2544 1558 2623 nascitur.
1612 2555 1801 2649 Quat
1830 2553 2011 2627 caula
2040 2556 2297 2628 videtur
2312 2559 2492 2632 fuisse
2519 2561 2793 2660 sapienti

374 2646 675 2728 Cartefio
696 2705 720 2740 ‚
740 2675 855 2721 cur
874 2646 1242 2721 enarrando
1261 2644 1468 2721 stnsus
1486 2645 1750 2720 infantis
1763 2650 2070 2725 dolorem
2090 2659 2311 2753 primo
2330 2656 2488 2729 loco
2500 2658 2798 2757 posuerit

263 2741 272 2744 Δ
369 2756 702 2852 Principp.
722 2755 774 2823 1.
797 2774 843 2847 7
859 2776 918 2822 1.
953 2745 1090 2820 Adi
1107 2745 1395 2820 eundem
1417 2746 1702 2822 Paffion.
1720 2771 1840 2820 arr.
1872 2774 1897 2820 ι
1916 2776 2021 2848 37.
2052 2756 2365 2851 Cumque
2385 2754 2469 2829 fic
2490 2763 2557 2827 in
2573 2755 2794 2832 lucem

371 2852 559 2938 edito
592 2875 906 2952 tanquam
931 2872 1105 2921 nova
1123 2853 1196 2920 &
1210 2844 1464 2921 intblita
1493 2845 1855 2921 offerantur
1873 2857 2099 2924 omnia
2116 2904 2135 2931 ,
2213 2860 2410 2929 rimus
2427 2862 2493 2928 in
2512 2883 2596 2930 eo
2616 2856 2787 2932 nasci

337 3009 346 3016 -
368 2956 759 3030 admirationis
779 2951 1004 3050 affebiue
1026 2946 1282 3020 videtur
1297 3001 1321 3034 ,
1351 2974 1547 3047 quem
1570 2956 1759 3023 etiam
1782 2948 1903 3024 alia
1922 2950 2002 3024 de
2024 2876 2207 3027 causi:
2225 2958 2615 3031 caustorum
2637 2957 2795 3033 affe-

377 3057 599 3128 &uum
615 3058 901 3155 primurn
932 3044 1259 3122 Cartefius
1286 3049 1506 3123 statuit
1523 3049 1684 3125 Paff.
1706 3053 1769 3129 §-
1792 3074 1898 3149 53.
2492 3097 2497 3102 ⁷

463 3178 537 3243 9.
585 3158 675 3226 Ex
689 3150 789 3225 his
805 3173 1072 3251 quoquc
1094 3147 1422 3248 colligitur
1435 3202 1456 3236 ‚
1482 3155 1847 3224 Hominem
1864 3149 1946 3224 ab
1969 3157 2160 3228 initio
2177 3161 2323 3230 vitae
2344 3149 2464 3230 suae
2481 3186 2676 3263 puras
2692 3163 2802 3235 in-

377 3252 673 3327 tellct‘hs
700 3243 1122 3353 operationes
1142 3248 1347 3321 nullas
1378 3275 1674 3324 exercere
1693 3304 1716 3332 ,
1750 3249 1859 3323 sed
1883 3255 2135 3327 tantum
2161 3254 2513 3351 stnfitivas,
2543 3258 2649 3337 stu
2672 3317 2693 3348 ‚
2716 3287 2796 3335 ut

378 3378 529 3428 cum
549 3349 956 3453 Philosopho
978 3350 1213 3447 loquar
1233 3400 1251 3428 ‚
1283 3350 1352 3419 in
1382 3357 1596 3449 prima
1615 3374 1805 3425 aetate
1834 3376 2122 3426 mentem
2150 3357 2434 3428 nostram
2458 3385 2592 3432 tam
2619 3363 2795 3434 arcte

376 3458 644 3552 corpori
677 3447 799 3524 effe
836 3450 1163 3552 alligatam
1186 3502 1207 3534 ,
1246 3472 1318 3520 ut
1350 3473 1487 3522 non
1519 3452 1656 3525 aliis
1687 3478 1770 3523 co
1818 3453 2200 3529 stationibus
2228 3481 2452 3541 vacet,
2494 3459 2690 3559 quarn
2714 3465 2796 3534 iis

375 3550 531 3627 solis
550 3604 572 3639 ‚
602 3576 721 3653 per
738 3547 1203 3649 quaseascntit
1220 3599 1242 3632 ,
1263 3573 1407 3646 quae
1425 3479 1995 3651 corpusafflgciunt.
2045 3552 2437 3653 eujusmodi
2457 3559 2794 3661 cogitandi

371 3663 608 3757 genere
625 3648 767 3724 solo
781 3649 1074 3753 plerique
1093 3647 1477 3721 mortalium
1497 3653 1794 3728 universo
1812 3658 1953 3726 vitae
1966 3679 2266 3754 tempore
2284 3657 2553 3746 utuntur
2574 3713 2594 3749 ‚
2622 3659 2793 3764 pro-

376 3779 527 3856 pter
556 3778 703 3827 eam
734 3805 757 3838 ‚
842 3771 995 3822 narn
1027 3748 1455 3848 explicuimus
1479 3802 1502 3839 ,
1536 3756 2025 3850 conjunctionis
2061 3753 2255 3852 hujus
2286 3766 2794 3861 proprietatem,

375 3853 569 3957 quod
592 3855 783 3926 initio
833 3845 1006 3922 ernel
1029 3851 1252 3947 jutitia
1269 3845 1406 3925 fer&
1425 3847 1555 3922 sem
1605 3878 1673 3924 er
1690 3858 1759 3924 in
1778 3853 2111 3953 posterum
2134 3864 2637 3963 conjungantur.

453 4001 456 4004 ι
481 3981 596 4029 10.
638 3947 972 4055 Nunquid
993 3969 1217 4029 autem
1246 3970 1401 4028 ante
1430 3879 1678 4058 iapiitm
1702 3952 1902 4129 prix-i
1934 3950 2241 4034 homines
2258 3955 2529 4038 finccras
2561 3963 2799 4033 mentis

515 4077 520 4084 .
1729 4060 1780 4130 ‘F
1912 4089 1951 4142 2
2562 4078 2798 4155 opera-
