3391 4418
411 164 416 169 ,
992 75 1066 158 C
1152 104 1209 160 o
1285 104 1350 160 N
1422 102 1485 159 ’r
1561 105 1624 158 R
1704 108 1761 163 A
1838 103 1896 162 c
1977 103 2038 164 Τ
2117 107 2196 164 A.
2701 86 2746 164 8
2764 111 2801 188 5

369 206 441 273 in
460 198 730 271 flamma
746 186 1079 265 vibrantur
1095 236 1115 270 ‚
1145 191 1298 262 &in
1312 186 1433 259 alia
1453 216 1739 293 corpora
1756 195 2187 291 impingentes
2206 217 2512 293 magnam
2534 198 2668 266 vim
2688 194 2833 266 ha..-

367 301 538 372 bent
558 293 643 365 ad
659 316 892 364 eorum
915 294 1213 361 minutias
1229 292 1739 366 concutiendam.

477 425 504 467 1
539 406 689 468 166.
739 391 897 464 Salis
913 389 1119 462 moles
1137 393 1205 459 in
1224 390 1564 465 montibus
1584 392 1975 490 quibusdam
1993 396 2181 466 instar
2198 392 2493 495 lapidum
2512 391 2810 492 aliquam

370 496 466 569 do
506 488 925 567 concrescunt
947 545 968 577 ‚
1005 495 1324 590 quoniam
1360 518 1525 590 aqua
1562 499 1757 566 maris
1782 496 1865 568 eo
1895 493 2281 567 ascendente
2308 496 2371 593 ᾗ.
2397 505 2607 589 1064.
2630 496 2835 567 flexi·

369 596 545 669 libus
562 605 696 691 ejus
717 595 1046 693 particulis
1064 591 1326 663 ulterius
1344 591 1766 693 pergentibus
1788 594 2099 668 inflexiles
2122 593 2479 668 cohaerent.

478 725 503 768 1
529 708 682 793 167.
719 693 924 765 Simili
949 692 1164 764 modo
1191 690 1294 763 Sal
1332 693 1367 762 sl
1389 695 1721 791 particulis
1740 694 2039 767 dulcibus
2057 690 2417 795 separatur,
2449 695 2607 766 dum
2632 692 2807 792 aquil

362 798 611 869 marina
630 794 872 866 fossulis
895 793 1163 864 minime
1179 788 1526 892 profundis
1554 794 1829 895 excepta
1843 848 1866 885 ,
1888 795 2012 867 illae
2037 802 2183 869 ae're
2206 793 2426 866 calido
2449 803 2521 867 &
2536 790 2707 865 ficco
2730 798 2798 864 in

278 888 287 899 ’
361 924 641 998 vapores
658 892 1070 966 attolluntur.
1623 898 1626 901 ’

467 1026 490 1069 1
517 1000 679 1071 168.
725 1000 874 1092 Qi
907 992 1048 1067 haec
1077 1001 1148 1066 &
1175 989 1401 1064 similia
1425 1016 1482 1080 5,.
1516 1002 1550 1067 8
1567 995 1682 1090 ς’ὸ.
1704 994 2016 1081 attendit,
2051 1020 2127 1066 ac
2152 992 2522 1096 pariterilla
2548 1019 2695 1090 quae
2715 994 2799 1065 d'e

362 1122 724 1200 corporum
765 1096 1081 1164 durorum
1114 1090 1508 1166 cohaerentia
1528 1103 1885 1194 generatim
1908 1095 2185 1167 diximus
2200 1097 2253 1194 §.
2285 1117 2453 1186 242.
2476 1091 2801 1165 memoria

360 1224 512 1295 repe
523 1204 596 1269 tit
618 1241 643 1273 ‚
682 1200 736 1265 is
761 1191 935 1262 haud
956 1190 1306 1263 difficulter
1326 1194 1642 1292 intelliget
1657 1252 1677 1283 ,
1698 1194 2051 1295 quomodo
2072 1207 2233 1291 Lapis
2254 1217 2329 1264 ex
2346 1192 2639 1292 pluribus
2658 1219 2800 1264 are-

360 1322 460 1367 nae
483 1293 816 1395 particulis
833 1287 1233 1360 concrescat.

469 1420 494 1462 1
521 1422 541 1461 1
562 1404 682 1478 69.
701 1393 807 1461 Sic
827 1391 1006 1457 enim
1021 1387 1420 1485 quandoque
1441 1396 1789 1489 contingit,
1806 1415 1875 1463 ut
1890 1387 2107 1463 fontes
2126 1390 2339 1462 secum
2359 1392 2597 1466 vehant
2614 1391 2797 1465 saxo-

361 1517 508 1587 rum
533 1542 555 1574 ‚
596 1512 871 1587 perquae
893 1487 1142 1561 fluunt,
1179 1490 1434 1586 exiguas
1450 1493 1790 1588 particulas
1810 1544 1830 1575 ,
1871 1488 2102 1561 talibus
2114 1492 2410 1590 praeditas
2433 1494 2649 1595 figuris
2670 1547 2691 1579 ‚
2722 1516 2794 1564 ut

367 1587 537 1687 aqua
554 1587 663 1657 illa
681 1584 931 1656 tardius
950 1584 1175 1685 postea
1188 1584 1422 1658 alicubi
1440 1589 1621 1663 mota
1636 1587 2040 1662 cohaerentes
2054 1590 2336 1691 lapidem
2357 1616 2791 1695 componant.

473 1713 685 1775 1³70.
737 1691 965 1782 Itaque
990 1680 1205 1756 fontes
1225 1689 1488 1759 existunt
1518 1694 1581 1759 in
1598 1688 1831 1786 quibus
1845 1688 2582 1791 lapidesproducuntut.
2639 1696 2794 1766 Nec

363 1784 686 1860 diffimilis
703 1786 794 1857 est
807 1787 1013 1855 calculi
1036 1788 1102 1852 in
1121 1809 1394 1884 corpore
1412 1786 1704 1860 humano
1726 1786 2085 1890 generatio.

471 1915 496 1959 1
517 1915 539 1959 1
556 1913 597 1975 7
617 1911 676 1960 1.
731 1889 815 1957 Et
829 1885 1148 1982 quoniam
1170 1910 1303 1955 non
1319 1886 1528 1958 modo
1551 1887 1847 1989 lapidum
1871 1943 1894 1975 ‚
1928 1886 2038 1961 sed
2061 1886 2339 1961 aliorum
2360 1916 2629 1989 quoque
2658 1886 2797 1963 fos-

355 1986 569 2061 silium
607 1984 940 2086 particulae
983 1989 1180 2057 variae
1194 1981 1486 2060 sontibus
1501 2016 1619 2089 per
1633 2014 1818 2063 terrae
1839 2015 2093 2063 meatus
2111 1990 2519 2063 currentibus
2540 1987 2789 2062 misceri

350 2085 565 2160 solent
581 2095 651 2168 §-
678 2112 704 2159 1
729 2111 753 2158 1
780 2110 885 2184 19.
910 2082 1063 2155 inde
1082 2084 1490 2158 mineralesseu
1509 2094 1789 2162 medicata
1808 2115 1960 2181 aqua
1984 2086 2240 2162 diversae
2262 2097 2681 2188 proveniunt.

456 2215 484 2261 1
505 2214 663 2285 ¹72·
717 2183 998 2284 Lapides
1034 2181 1115 2254 ab
1144 2186 1766 2283 ossibus&ltgnisdaris
1789 2218 1873 2262 eo
1900 2188 2412 2290 distinguuntur,
2442 2190 2628 2290 quod
2645 2189 2787 2264 haec

349 2288 682 2360 beneficio
717 2288 891 2358 succi
925 2285 1187 2380 alicujus
1219 2312 1334 2382 per
1365 2314 1600 2361 eorum
1626 2317 1831 2388 poros
1860 2296 1927 2360 in
1958 2316 2194 2361 omues
2214 2315 2432 2390 partes
2460 2290 2784 2365 distributi

350 2384 664 2461 crescunt.
703 2385 978 2483 Lapides
995 2407 1213 2456 autem
1237 2384 1526 2460 crescunt
1542 2387 1752 2462 solum
1776 2415 1890 2488 per
1906 2388 2312 2461 additionem
2330 2392 2610 2488 aliquam
2633 2418 2788 2491 par-

350 2494 516 2560 tium
541 2541 562 2573 ‚
599 2514 748 2586 quat
775 2484 884 2557 vel
910 2485 1211 2558 exteriori
1248 2481 1607 2587 superficiei
1641 2487 1971 2561 adhaerent
2009 2489 2112 2561 vel
2135 2493 2426 2560 interiori
2452 2514 2811 2588 potorum·

350 2591 840 2689 impinguntur.⁴

455 2716 481 2760 1
506 2711 671 2787 173.
722 2688 997 2790 Lapides
1025 2684 1334 2761 differunt
1368 2685 1405 2758 εὶ
1426 2688 1704 2770 metallis,
1739 2686 1926 2785 quod
1944 2686 2078 2756 haec
2103 2684 2346 2755 malleo
2363 2681 2514 2753 duci
2540 2692 2609 2757 δε
2626 2689 2778 2788 igne

343 2785 524 2861 fundi
549 2787 812 2890 potsunt
831 2845 851 2876 ,
884 2791 1054 2863 adeo
1071 2814 1141 2862 ut
1159 2786 1532 2890 refrigerata
1546 2786 1875 2886 pristinam
1891 2786 2165 2885 figuram
2193 2807 2598 2884 recuperent.
2650 2794 2783 2858 La-

342 2890 530 2991 pides
549 2915 688 2962 non
709 2897 890 2963 item.

449 3017 478 3063 1
498 3016 522 3063 ι
544 3018 659 3088 74.
709 2993 904 3089 Lapis
926 3011 1145 3060 tamen
1170 2987 1410 3062 malleo
1426 2983 1597 3058 friati
1621 2999 1701 3056 ae
1716 2985 2209 3062 vehementiore
2230 2987 2248 3053 i
2350 3011 2382 3055 e
2406 2980 2491 3058 fic
2515 2984 2771 3060 dissolvi

339 3089 595 3189 potest,
644 3112 716 3160 ut
735 3088 936 3162 ‘abeat
971 3093 1035 3157 in
1073 3091 1356 3177 calcem,
1393 3085 1969 3187 quemadmodum
1998 3084 2129 3157 olla
2157 3093 2227 3158 δε
2278 3093 2505 3184 ignain
2527 3093 2775 3162 cineres

341 3186 765 3260 resolvuntur.
1946 3253 1951 3258 ,

436 3315 467 3360 1
492 3315 515 3359 t
533 3315 574 3375 7
589 3314 658 3381 5.
704 3291 867 3360 Haec
906 3286 1048 3358 duo
1091 3284 1176 3357 sic
1220 3283 1529 3359 differunt
1546 3341 1568 3372 ,
1606 3282 2019 3384 quod'ce'neres
2037 3281 2176 3357 sunt
2201 3284 2485 3384 reliquiae
2508 3287 2773 3360 illorum
2796 3341 2799 3342 ν

336 3414 722 3489 corporum,
738 3414 1022 3485 quorum
1039 3414 1186 3487 pars
1203 3413 1436 3486 magna-
1456 3394 1601 3488 igne
1619 3380 1958 3457 consumta
1976 3387 2089 3458 est.
2104 3392 2261 3456 Calx
2276 3410 2493 3459 autem
2512 3412 2774 3476 eorum,

335 3515 478 3586 quae
494 3485 630 3559 fere
649 3512 787 3560 tota
812 3543 832 3573 ,
860 3489 1108 3559 ustione
1135 3483 1467 3574 absoluta,
1502 3507 1817 3556 manent„

435 3614 458 3657 1
484 3599 648 3682 176.
703 3589 1129 3660 Conveniunt
1162 3592 1228 3657 in
1263 3613 1386 3670 en,
1423 3584 1613 3682 quod
1653 3582 2000 3684 particulas
2034 3609 2167 3658 tam
2194 3581 2515 3657 solidas&
2536 3580 2793 3656 crassas·

333 3685 599 3768 habent,
621 3705 693 3757 ut
710 3692 876 3788 ignis
892 3692 951 3756 vi
973 3687 1298 3758 ordinaria
1313 3683 1548 3755 sursum
1568 3687 1759 3756 instat
1772 3710 2094 3780 vaporum
2109 3682 2321 3756 attolli
2343 3707 2482 3754 non
2496 3683 2764 3782 poffint.

437 3816 459 3860 t
480 3814 636 3885 ¹77·
725 3794 747 3877 (
806 3784 1226 3860 soliditatem
1276 3810 1512 3855 eorum
1559 3793 1629 3856 &
1677 3780 2025 3854 craffitiem
2090 3783 2193 3855 vel
2243 3782 2392 3853 inde
2444 3780 2689 3880 probes
2718 3809 2791 3858 ’ν

331 3886 532 3990 quod.
574 3884 771 3960 veluti
830 3879 1150 3960 coticulae'
1186 3884 1491 3985 quaedam
1524 3881 1609 3953 ad
1647 3881 1942 3956 acuenda
1985 3890 2056 3958 &
2092 3882 2413 3986 ptolienda
2446 3882 2569 3951 alia
2619 3904 2758 3951 cor.

1711 3985 1766 4054 L
1826 3981 1885 4074 3':
2601 4003 2757 4077 POE‘
