3391 4418
559 210 569 241 ,
1064 144 2077 243 ansrcAVI.
2675 185 2828 269 ¹07

373 268 398 341 ἱ
451 264 639 339 fimet
662 286 885 337 earum
904 258 1241 335 affertores
1259 268 1455 336 etiam
1468 268 1841 367 incognitas
1852 265 1981 339 ‘effe
1993 259 2347 365 perhibent
2364 318 2385 351 ‚
2413 265 2539 338 hac
2552 272 2692 342 viee
2709 273 2823 344 de-

367 297 687 441 ligamus.
743 362 938 436 Adde
974 362 1162 462 quod
1205 364 1561 463 explicatio
1598 390 1838 439 naturae
1871 391 2208 466 corporeae
2238 374 2524 465 primum
2543 368 2635 440 est
2649 371 2814 467 Phy-

373 467 511 543 sicae
531 471 916 568 principium
932 509 958 544 ,
980 475 1050 538 &
1070 463 1256 561 quod
1279 468 1581 566 principii
1599 464 1738 538 haec
1754 470 1964 567 prima
1980 463 2279 539 conditio
2300 519 2322 552 ,
2360 491 2434 539 ut
2452 466 2651 565 quim
2667 497 2809 543 ma·

373 574 543 643 xime
565 570 807 639 clarum
829 563 905 639 fit
924 616 946 651 ,
981 565 1131 637 cum
1155 592 1239 637 ex
1249 571 1575 667 principio
1593 594 1731 638 non
1750 566 2036 642 evidenti
2054 563 2386 638 conclufio
2407 567 2644 640 deduci
2667 576 2799 644 evi-

373 670 537 743 dens
550 667 746 769 poffit
765 668 962 738 nulla.
998 665 1323 763 Equidem
1346 668 1392 738 fi
1414 665 1670 740 essentia
1694 674 1784 738 rei
1806 692 2142 770 corporeae
2157 672 2221 738 in
2243 672 2476 767 ignoto
2494 668 2793 766 quodam

368 767 685 874 ponenda
705 767 795 838 est
820 818 842 851 ,
881 761 1213 859 Pliyficam
1241 764 1595 841 humanam
1607 766 1948 840 confistere
1963 765 2144 869 posse
2167 792 2363 866 nego,

464 888 534 944 6.
584 870 682 943 Ut
717 870 911 967 igitur
944 862 1029 935 ab
1064 869 1340 940 occultis
1376 876 1446 940 &
1490 864 1786 941 obscuris
1815 867 1898 940 ad
1932 895 2037 940 eas
2055 867 2392 966 qualitates
2411 870 2788 971 progredia-

352 981 554 1049 mur,
603 994 749 1064 quae
783 962 1088 1060 manifesta
1112 966 1494 1063 sensibilesque
1519 969 1970 1069 appellantur,
2010 967 2149 1040 duo
2183 965 2379 1038 nobis
2416 970 2792 1069 prejudicia

364 1069 720 1144 evertenda
735 1070 1003 1139 veniunt
1023 1118 1042 1149 ‚
1053 1066 1360 1164 generale
1378 1075 1443 1138 δι
1460 1065 1754 1167 speciale.
1776 1068 2096 1143 Generale
2114 1068 2204 1139 est
2223 1065 2407 1165 quod
2424 1065 2507 1137 ab
2525 1075 2787 1141 ineunte

359 1194 546 1247 aetate
592 1169 814 1240 cunffi
847 1165 1345 1235 existimavimus
1380 1215 1403 1249 ,
1451 1191 1691 1267 corpus
1731 1195 1933 1240 omne
1973 1166 2187 1240 sensile
2225 1165 2348 1238 effi:
2392 1166 2669 1253 debere,
2699 1175 2788 1241 ita

361 1269 642 1371 quidem
667 1323 681 1346 ,
710 1287 783 1336 ut
802 1262 918 1332 ubi
933 1259 1091 1333 nihil
1112 1263 1265 1335 effer
1280 1265 1459 1358 quod
1477 1262 1683 1337 sensus
1703 1270 1953 1338 nostros
1967 1266 2284 1345 afficeret,
2320 1265 2572 1337 nullum
2593 1273 2790 1339 etiam

363 1391 614 1465 corpus
631 1362 753 1433 esse
824 1386 1170 1433 utatemus.
1226 1360 1491 1431 Indeest
1514 1362 1704 1459 quod
1725 1364 2126 1434 multictiam
2148 1390 2223 1434 ex
2236 1362 2469 1436 adultis
2484 1374 2553 1438 &
2577 1364 2791 1439 doffls

367 1468 650 1538 credunt
671 1512 692 1545 ,
729 1388 1125 1559 adcorporis
1145 1482 1440 1530 naturam
1467 1465 1747 1530 omnino
1761 1468 2081 1560 pertinere
2097 1516 2119 1547 ,
2154 1459 2274 1533 effe
2293 1457 2539 1547 senfile,
2581 1490 2794 1564 neque

370 1562 543 1636 illud
562 1561 749 1630 aliter
767 1559 1028 1630 definiri
1048 1581 1381 1659 oportere.
1445 1559 1745 1659 Speciale
1764 1562 1855 1631 est
1874 1615 1896 1646 ,
1930 1560 2114 1659 quod
2138 1567 2335 1662 praeci
2389 1565 2466 1635 ue
2484 1561 2795 1638 duritiem

374 1671 447 1737 δε
465 1664 851 1764 gravitatem
873 1657 958 1729 ad
983 1684 1226 1759 corpus
1245 1657 1373 1755 quai
1393 1682 1633 1758 corpus
1651 1665 1931 1757 requiri,
1960 1658 2240 1734 infantes
2255 1588 2539 1735 argitrati
2558 1660 2795 1737 sumus·

369 1761 581 1837 Unde
610 1784 858 1833 matura
895 1766 1259 1830 etiamnum*
1283 1779 1467 1830 aetatc
1497 1756 1794 1858 plerique
1822 1785 2055 1832 omnes
2088 1766 2471 1861 opinamur,
2501 1764 2649 1863 plus
2671 1762 2792 1837 effe

323 1904 324 1907 ¹
364 1864 835 1963 corporeitatis
871 1864 954 1928 in.
977 1855 1129 1931 {axis
1147 1865 1214 1930 &
1236 1855 1508 1928 metallis
1527 1911 1551 1943 ‚
1589 1860 1790 1957 quim
1812 1867 1879 1930 in
1906 1885 2074 1959 aqua
2090 1884 2206 1933 aut
2222 1870 2370 1933 ae‘re
2392 1916 2415 1948 ,
2446 1871 2512 1957 ὃς
2532 1870 2798 1965 genera->

275 2020 282 2027 .
365 1967 493 2036 tim
529 1959 907 2057 ubicunque
939 1958 1085 2058 plus
1115 1958 1371 2028 duritiei
1393 1981 1467 2028 ac
1484 1957 1805 2058 ponderis
1819 1967 2227 2061 experimur,
2261 1961 2406 2063 plus
2429 1968 2625 2035 etiam
2649 1990 2797 2036 cot·

273 2083 296 2087 ‘
358 2087 587 2166 porea:
605 2059 962 2131 substantiae
984 2061 1267 2158 reperiri.

461 2187 533 2250 7.
583 2160 730 2258 Jam
767 2160 926 2232 vero
960 2182 1035 2231 ut
1063 2160 1414 2258 opiniones
1431 2158 1569 2233 illas
1589 2157 2040 2261 deponamus,
2072 2160 2548 2240 confideremus
2568 2170 2797 2268 impri-

364 2268 488 2335 mis
518 2285 775 2333 tantum
806 2257 1054 2343 abesse,
1092 2283 1165 2332 ut
1195 2285 1397 2330 omne
1427 2287 1665 2362 corpus
1692 2259 1911 2334 sensile
1946 2259 2057 2349 fir,
2100 2288 2172 2337 ut
2191 2289 2273 2335 ne
2295 2266 2563 2364 quidem
2588 2266 2800 2340 ullum

368 2363 585 2434 existat
611 2414 634 2448 ,
663 2364 825 2458 quin
861 2356 1052 2461 plane
1089 2358 1162 2431 sit
1197 2356 1516 2448 insensile,
1550 2360 1931 2434 dummodo
1970 2368 2039 2433 in
2071 2361 2411 2476 particulas
2442 2354 2797 2439 nervorum

366 2461 742 2534 nostrorum
760 2458 1054 2560 partibus
1077 2460 1286 2532 multo
1310 2467 1596 2533 minores
1613 2504 1638 2538 2
1679 2469 1743 2535 δι
1770 2460 2042 2562 lingulas
2062 2463 2322 2548 ieorfim
2341 2463 2483 2537 satis
2501 2465 2797 2537 celeriter

367 2567 644 2664 agitatas
677 2558 946 2632 divisum
970 2556 1183 2632 fuerit.
1231 2559 1425 2631 Nihil
1439 2566 1683 2660 quippe
1703 2558 1946 2633 sensum
1964 2568 2031 2633 in
2049 2564 2244 2637 nobis
2258 2561 2513 2635 efficere
2538 2557 2797 2662 potest,

365 2667 537 2763 quin
568 2684 837 2738 moveat
860 2686 1094 2732 nervos
1113 2659 1570 2732 membrorum
1587 2660 1984 2736 nostrorum.
2040 2671 2135 2735 At
2156 2670 2334 2735 nervi
2353 2687 2489 2731 non
2507 2662 2647 2733 sunt
2671 2665 2796 2731 mi-

364 2762 679 2836 nutisfimi
702 2813 726 2847 ,
754 2757 859 2832 sed
894 2758 1335 2833 funiculorum
1367 2759 1557 2831 instar
1577 2760 1614 2831 ὲ
1638 2759 1858 2832 multis
1886 2762 2218 2861 particulis
2238 2756 2598 2834 minoribus
2632 2784 2801 2832 con-

363 2864 543 2938 flati:
577 2887 700 2934 nec
727 2858 1011 2962 proinde
1039 2862 1078 2935 εὶ
1114 2864 1385 2933 minutis
1419 2858 1788 2932 admodum
1820 2861 2210 2964 corporibus
2238 2867 2490 2934 moveri
2510 2860 2794 2963 possunt.

364 2969 546 3064 Ergo
563 2960 754 3038 valde
770 2966 1021 3034 minuta
1037 2986 1320 3062 corpora
1339 2983 1475 3033 non
1494 2957 1631 3033 sunt
1650 2957 1911 3034 senfilia.
1969 2965 2156 3061 Qis
2176 2987 2392 3035 tamen
2412 2987 2697 3064 corpora
2714 2986 2792 3031 ea

364 3065 494 3136 effe
525 3079 763 3165 neget?
799 3063 956 3159 Qi
987 3059 1614 3133 demonstrationem
1632 3061 1816 3132 istam
1841 3087 1981 3134 non
2003 3069 2176 3162 capit
2196 3106 2218 3136 ‚
2253 3060 2533 3133 eandem
2558 3065 2797 3133 verita-

359 3190 510 3239 tem
553 3167 1006 3263 experimento
1044 3159 1244 3234 discet
1263 3205 1285 3240 ,
1327 3159 1368 3231 si
1392 3160 1575 3232 filum
1603 3159 1873 3233 sericum
1890 3160 2158 3232 rubrum
2178 3162 2388 3234 aliove
2408 3162 2636 3234 colore
2660 3165 2794 3232 tin-

356 3270 556 3339 ctum
588 3269 656 3335 in
684 3286 1120 3362 quotcunque·
1132 3261 1349 3363 potest
1366 3267 1585 3333 tenuia
1606 3260 1937 3331 filamenta
1962 3257 2251 3333 dividat:
2280 3259 2364 3332 fic
2385 3267 2557 3334 enim
2578 3260 2791 3333 nullus

342 3376 436 3441 in
470 3369 546 3442 iis
580 3363 772 3440 color
807 3364 1084 3464 amplius
1104 3357 1465 3477 apparebit.
1521 3358 1735 3463 Qd
1756 3384 1974 3431 autem
1989 3356 2095 3429 hic
2108 3358 2190 3431 de
2214 3360 2439 3434 colore
2465 3360 2747 3435 advertis
2765 3403 2789 3440 ‚

336 3466 403 3543 fi
420 3465 558 3538 mili
574 3469 777 3565 paiste
794 3464 873 3535 ad
894 3465 1045 3536 alias
1067 3462 1312 3536 sennlcs
1331 3460 1671 3560 qualitates
1690 3457 2253 3535 accommodabis.
2688 3534 2702 3557 Π,

465 3569 540 3641 8.
595 3569 679 3640 Et
709 3563 1093 3663 quotidiana
1128 3567 1521 3664 experientia
1562 3559 1804 3647 docet,
1845 3585 1983 3633 non
2018 3561 2231 3633 modo
2264 3559 2797 3632 remc‘oloratam

339 3667 675 3746 colorem
696 3663 876 3766 poffe
897 3663 1201 3765 perdere,
1250 3661 1358 3733 sed
1375 3666 1571 3733 etiam
1591 3660 1938 3734 odoratam
1960 3660 2173 3733 odore
2191 3660 2366 3757 poss'e
2384 3660 2634 3733 destitui
2658 3715 2677 3748 ,
2706 3658 2801 3731 sa:-

331 3767 597 3877 pida'm
633 3764 860 3868 sapore
890 3763 1069 3866 poss'e
1099 3766 1332 3865 privari
1355 3808 1377 3841 ‚
1419 3786 1612 3858 atque
1650 3769 1740 3834 ira
1769 3761 1860 3833 'de
1900 3766 2181 3845 caeteriS,
2216 3758 2523 3858 adeoque
2563 3781 2681 3831 cor
2729 3784 2803 3829 us

328 3865 550 3977 poste
580 3873 858 3940 retinere
893 3891 1112 3938 veram
1148 3888 1444 3937 naturam
1476 3867 1814 3961 corporis,
1853 3863 2150 3958 quamvis
2177 3885 2317 3933 non
2358 3860 2431 3933 fit
2451 3858 2536 3929 ad
2557 3787 2804 3929 senlixm

332 3967 622 4050 molle,
657 3993 784 4042 nec
799 3965 1036 4041 durum
1052 4020 1073 4054 ,
1105 3991 1228 4039 nec
1249 3960 1561 4066 frigidum
1581 4017 1597 4047 ,
1620 3985 1745 4033 nec
1767 3960 2090 4138 gnidum,
2112 3986 2235 4034 nec
2252 3958 2540 4058 denique
2563 3956 2809 4120 1ιὲξῖΣὲ

1900 4088 1937 4136 2
