<?xml version="1.0" encoding="UTF-8"?>
<!DOCTYPE html PUBLIC "-//W3C//DTD XHTML 1.0 Transitional//EN"
    "http://www.w3.org/TR/xhtml1/DTD/xhtml1-transitional.dtd">
<html xmlns="http://www.w3.org/1999/xhtml" xml:lang="en" lang="en">
 <head>
  <title>
</title>
<meta http-equiv="Content-Type" content="text/html;charset=utf-8" />
  <meta name='ocr-system' content='tesseract 3.04.00' />
  <meta name='ocr-capabilities' content='ocr_page ocr_carea ocr_par ocr_line ocrx_word'/>
</head>
<body>
  <div class='ocr_page' id='page_1' title='image "./johannisclauber00claugoog_0395.png"; bbox 0 0 3391 4418; ppageno 0'>
   <div class='ocr_carea' id='block_1_1' title="bbox 264 162 2852 2196">
    <p class='ocr_par' dir='ltr' id='par_1_1' title="bbox 264 162 2852 2196">
     <span class='ocr_line' id='line_1_1' title="bbox 856 162 2805 284; baseline 0.006 -34"><span class='ocrx_word' id='word_1_1' title='bbox 856 162 2175 266; x_wconf 66' lang='lat' dir='ltr'>··.·Cort1v2‹,.c·r10.&#39;</span> <span class='ocrx_word' id='word_1_2' title='bbox 2655 199 2805 284; x_wconf 84' lang='lat'>375</span> 
     </span>
     <span class='ocr_line' id='line_1_2' title="bbox 486 273 2808 385; baseline 0.001 -26"><span class='ocrx_word' id='word_1_3' title='bbox 486 318 559 384; x_wconf 79' lang='lat'>4.</span> <span class='ocrx_word' id='word_1_4' title='bbox 577 283 711 360; x_wconf 53' lang='grc' dir='ltr'>,Αἰ</span> <span class='ocrx_word' id='word_1_5' title='bbox 732 279 949 381; x_wconf 80' lang='lat' dir='ltr'>neque</span> <span class='ocrx_word' id='word_1_6' title='bbox 974 275 1089 352; x_wconf 89' lang='lat' dir='ltr'>tali</span> <span class='ocrx_word' id='word_1_7' title='bbox 1110 273 1324 348; x_wconf 89' lang='lat' dir='ltr'>modo</span> <span class='ocrx_word' id='word_1_8' title='bbox 1340 319 1365 353; x_wconf 85' lang='lat'>‚</span> <span class='ocrx_word' id='word_1_9' title='bbox 1407 299 1550 378; x_wconf 87' lang='lat' dir='ltr'>quo</span> <span class='ocrx_word' id='word_1_10' title='bbox 1582 275 1709 350; x_wconf 87' lang='lat' dir='ltr'>alia</span> <span class='ocrx_word' id='word_1_11' title='bbox 1744 277 2009 356; x_wconf 57' lang='lat' dir='ltr'>affectio</span> <span class='ocrx_word' id='word_1_12' title='bbox 2042 287 2343 385; x_wconf 87' lang='lat' dir='ltr'>corporis</span> <span class='ocrx_word' id='word_1_13' title='bbox 2361 310 2439 362; x_wconf 83' lang='lat' dir='ltr'>ex</span> <span class='ocrx_word' id='word_1_14' title='bbox 2460 285 2616 373; x_wconf 85' lang='lat' dir='ltr'>alia,</span> <span class='ocrx_word' id='word_1_15' title='bbox 2645 287 2808 362; x_wconf 76' lang='lat' dir='ltr'>alius</span> 
     </span>
     <span class='ocr_line' id='line_1_3' title="bbox 380 377 2804 488; baseline -0.001 -22"><span class='ocrx_word' id='word_1_16' title='bbox 380 396 567 468; x_wconf 60' lang='lat' dir='ltr'>actus</span> <span class='ocrx_word' id='word_1_17' title='bbox 608 388 809 460; x_wconf 85' lang='lat' dir='ltr'>animi</span> <span class='ocrx_word' id='word_1_18' title='bbox 848 407 923 455; x_wconf 86' lang='lat' dir='ltr'>ex</span> <span class='ocrx_word' id='word_1_19' title='bbox 952 377 1085 451; x_wconf 87' lang='lat' dir='ltr'>alio</span> <span class='ocrx_word' id='word_1_20' title='bbox 1110 377 1417 484; x_wconf 68' lang='lat' dir='ltr'>distincto</span> <span class='ocrx_word' id='word_1_21' title='bbox 1457 401 1684 452; x_wconf 89' lang='lat' dir='ltr'>manat</span> <span class='ocrx_word' id='word_1_22' title='bbox 1716 424 1739 456; x_wconf 70' lang='grc'><em>,</em></span> <span class='ocrx_word' id='word_1_23' title='bbox 1793 383 2115 481; x_wconf 75' lang='lat' dir='ltr'>pastiones</span> <span class='ocrx_word' id='word_1_24' title='bbox 2151 393 2449 488; x_wconf 81' lang='lat' dir='ltr'>corporis</span> <span class='ocrx_word' id='word_1_25' title='bbox 2485 412 2560 459; x_wconf 77' lang='lat' dir='ltr'>ex</span> <span class='ocrx_word' id='word_1_26' title='bbox 2599 392 2804 464; x_wconf 79' lang='lat' dir='ltr'>animi</span> 
     </span>
     <span class='ocr_line' id='line_1_4' title="bbox 378 476 2637 582; baseline -0.001 -20"><span class='ocrx_word' id='word_1_27' title='bbox 378 486 776 567; x_wconf 66' lang='lat' dir='ltr'>actionibus,</span> <span class='ocrx_word' id='word_1_28' title='bbox 798 501 910 555; x_wconf 83' lang='lat' dir='ltr'>aut</span> <span class='ocrx_word' id='word_1_29' title='bbox 926 476 1257 582; x_wconf 83' lang='lat' dir='ltr'>paffiones</span> <span class='ocrx_word' id='word_1_30' title='bbox 1275 481 1477 550; x_wconf 88' lang='lat' dir='ltr'>animi</span> <span class='ocrx_word' id='word_1_31' title='bbox 1497 504 1573 551; x_wconf 85' lang='lat' dir='ltr'>ex</span> <span class='ocrx_word' id='word_1_32' title='bbox 1594 486 1899 581; x_wconf 86' lang='lat' dir='ltr'>corporis</span> <span class='ocrx_word' id='word_1_33' title='bbox 1919 487 2292 560; x_wconf 69' lang='lat' dir='ltr'>afflombus</span> <span class='ocrx_word' id='word_1_34' title='bbox 2317 496 2637 562; x_wconf 85' lang='lat' dir='ltr'>oriuntur.</span> 
     </span>
     <span class='ocr_line' id='line_1_5' title="bbox 380 579 2793 687; baseline -0 -24"><span class='ocrx_word' id='word_1_35' title='bbox 380 593 385 598; x_wconf 78' lang='grc'><strong>’</strong></span> <span class='ocrx_word' id='word_1_36' title='bbox 482 612 547 685; x_wconf 85' lang='lat'>5.</span> <span class='ocrx_word' id='word_1_37' title='bbox 593 591 681 662; x_wconf 90' lang='lat' dir='ltr'>Et</span> <span class='ocrx_word' id='word_1_38' title='bbox 700 588 993 684; x_wconf 85' lang='lat' dir='ltr'>quamvis</span> <span class='ocrx_word' id='word_1_39' title='bbox 1012 579 1403 681; x_wconf 86' lang='lat' dir='ltr'>nihil-magis</span> <span class='ocrx_word' id='word_1_40' title='bbox 1419 580 1708 653; x_wconf 88' lang='lat' dir='ltr'>naturale</span> <span class='ocrx_word' id='word_1_41' title='bbox 1729 581 1838 669; x_wconf 83' lang='lat' dir='ltr'>sit,</span> <span class='ocrx_word' id='word_1_42' title='bbox 1884 587 2082 682; x_wconf 66' lang='lat' dir='ltr'>quam</span> <span class='ocrx_word' id='word_1_43' title='bbox 2097 588 2456 687; x_wconf 83' lang='lat' dir='ltr'>paffionem</span> <span class='ocrx_word' id='word_1_44' title='bbox 2478 599 2793 678; x_wconf 66' lang='lat' dir='ltr'>omncm3</span> 
     </span>
     <span class='ocr_line' id='line_1_6' title="bbox 377 678 2798 790; baseline -0.001 -25"><span class='ocrx_word' id='word_1_45' title='bbox 377 716 456 764; x_wconf 83' lang='lat' dir='ltr'>ex</span> <span class='ocrx_word' id='word_1_46' title='bbox 474 689 682 790; x_wconf 84' lang='lat' dir='ltr'>aliqua</span> <span class='ocrx_word' id='word_1_47' title='bbox 699 689 960 758; x_wconf 68' lang='lat' dir='ltr'>actione</span> <span class='ocrx_word' id='word_1_48' title='bbox 992 678 1167 782; x_wconf 69' lang='lat' dir='ltr'>[equi</span> <span class='ocrx_word' id='word_1_49' title='bbox 1186 734 1208 768; x_wconf 91' lang='lat'><strong>,</strong></span> <span class='ocrx_word' id='word_1_50' title='bbox 1239 706 1380 753; x_wconf 89' lang='lat' dir='ltr'>non</span> <span class='ocrx_word' id='word_1_51' title='bbox 1400 706 1623 754; x_wconf 85' lang='lat' dir='ltr'>tamen</span> <span class='ocrx_word' id='word_1_52' title='bbox 1644 689 1816 755; x_wconf 85' lang='lat' dir='ltr'>inter</span> <span class='ocrx_word' id='word_1_53' title='bbox 1846 679 2221 763; x_wconf 68' lang='lat' dir='ltr'>functiones</span> <span class='ocrx_word' id='word_1_54' title='bbox 2239 696 2440 764; x_wconf 86' lang='lat' dir='ltr'>animi</span> <span class='ocrx_word' id='word_1_55' title='bbox 2457 698 2525 764; x_wconf 86' lang='lat'>&amp;</span> <span class='ocrx_word' id='word_1_56' title='bbox 2542 679 2798 790; x_wconf 59' lang='lat' dir='ltr'>corpo·</span> 
     </span>
     <span class='ocr_line' id='line_1_7' title="bbox 376 779 2801 890; baseline -0.001 -26"><span class='ocrx_word' id='word_1_57' title='bbox 376 797 465 864; x_wconf 86' lang='lat' dir='ltr'>ris</span> <span class='ocrx_word' id='word_1_58' title='bbox 499 789 639 865; x_wconf 85' lang='lat' dir='ltr'>talis</span> <span class='ocrx_word' id='word_1_59' title='bbox 663 789 802 862; x_wconf 87' lang='lat' dir='ltr'>dari</span> <span class='ocrx_word' id='word_1_60' title='bbox 820 784 1040 886; x_wconf 89' lang='lat' dir='ltr'>potest</span> <span class='ocrx_word' id='word_1_61' title='bbox 1057 779 1438 855; x_wconf 82' lang='lat' dir='ltr'>consecutio</span> <span class='ocrx_word' id='word_1_62' title='bbox 1454 837 1476 872; x_wconf 88' lang='lat'>,</span> <span class='ocrx_word' id='word_1_63' title='bbox 1492 780 1705 881; x_wconf 81' lang='lat' dir='ltr'>qualis</span> <span class='ocrx_word' id='word_1_64' title='bbox 1723 789 1893 857; x_wconf 89' lang='lat' dir='ltr'>inter</span> <span class='ocrx_word' id='word_1_65' title='bbox 1917 811 2023 860; x_wconf 87' lang='lat' dir='ltr'>eas</span> <span class='ocrx_word' id='word_1_66' title='bbox 2038 832 2060 870; x_wconf 84' lang='lat'>‚</span> <span class='ocrx_word' id='word_1_67' title='bbox 2094 816 2239 889; x_wconf 83' lang='lat' dir='ltr'>quae</span> <span class='ocrx_word' id='word_1_68' title='bbox 2260 789 2401 868; x_wconf 84' lang='lat' dir='ltr'>sunt</span> <span class='ocrx_word' id='word_1_69' title='bbox 2429 794 2616 865; x_wconf 81' lang='lat' dir='ltr'>unius</span> <span class='ocrx_word' id='word_1_70' title='bbox 2634 786 2801 890; x_wconf 68' lang='lat' dir='ltr'>ejus-</span> 
     </span>
     <span class='ocr_line' id='line_1_8' title="bbox 377 888 2744 992; baseline -0.004 -28"><span class='ocrx_word' id='word_1_71' title='bbox 377 889 658 992; x_wconf 87' lang='lat' dir='ltr'>demque</span> <span class='ocrx_word' id='word_1_72' title='bbox 686 910 932 962; x_wconf 85' lang='lat' dir='ltr'>naturae</span> <span class='ocrx_word' id='word_1_73' title='bbox 951 888 1258 984; x_wconf 83' lang='lat' dir='ltr'>proptiae.</span> <span class='ocrx_word' id='word_1_74' title='bbox 2733 927 2744 938; x_wconf 59' lang='lat'>›-</span> 
     </span>
     <span class='ocr_line' id='line_1_9' title="bbox 464 981 2793 1090; baseline 0.002 -26"><span class='ocrx_word' id='word_1_75' title='bbox 464 1005 535 1067; x_wconf 88' lang='lat'>6.</span> <span class='ocrx_word' id='word_1_76' title='bbox 586 990 764 1064; x_wconf 82' lang='lat' dir='ltr'>Inter</span> <span class='ocrx_word' id='word_1_77' title='bbox 797 985 914 1058; x_wconf 83' lang='lat' dir='ltr'>has</span> <span class='ocrx_word' id='word_1_78' title='bbox 951 988 1300 1084; x_wconf 78' lang='lat' dir='ltr'>imaginare</span> <span class='ocrx_word' id='word_1_79' title='bbox 1340 981 1461 1056; x_wconf 88' lang='lat' dir='ltr'>tibi</span> <span class='ocrx_word' id='word_1_80' title='bbox 1481 987 1660 1084; x_wconf 80' lang='lat' dir='ltr'>quasi</span> <span class='ocrx_word' id='word_1_81' title='bbox 1685 988 2314 1090; x_wconf 83' lang='lat' dir='ltr'>consanguinitatem</span> <span class='ocrx_word' id='word_1_82' title='bbox 2336 999 2406 1065; x_wconf 88' lang='lat'>&amp;</span> <span class='ocrx_word' id='word_1_83' title='bbox 2427 993 2793 1068; x_wconf 81' lang='lat' dir='ltr'>naturalem</span> 
     </span>
     <span class='ocr_line' id='line_1_10' title="bbox 371 1082 2793 1192; baseline 0 -27"><span class='ocrx_word' id='word_1_84' title='bbox 371 1092 710 1192; x_wconf 83' lang='lat' dir='ltr'>quandam</span> <span class='ocrx_word' id='word_1_85' title='bbox 742 1087 1133 1166; x_wconf 85' lang='lat' dir='ltr'>amicitiam,</span> <span class='ocrx_word' id='word_1_86' title='bbox 1173 1082 1536 1181; x_wconf 81' lang='lat' dir='ltr'>cujusmodi</span> <span class='ocrx_word' id='word_1_87' title='bbox 1562 1093 1731 1158; x_wconf 90' lang='lat' dir='ltr'>inter</span> <span class='ocrx_word' id='word_1_88' title='bbox 1752 1084 1982 1160; x_wconf 86' lang='lat' dir='ltr'>fratres</span> <span class='ocrx_word' id='word_1_89' title='bbox 2019 1097 2087 1164; x_wconf 67' lang='grc' dir='ltr'>ἃ</span> <span class='ocrx_word' id='word_1_90' title='bbox 2129 1087 2383 1162; x_wconf 86' lang='lat' dir='ltr'>sorores</span> <span class='ocrx_word' id='word_1_91' title='bbox 2405 1119 2430 1161; x_wconf 47' lang='grc' dir='ltr'><em>ὲ</em></span> <span class='ocrx_word' id='word_1_92' title='bbox 2458 1097 2626 1162; x_wconf 87' lang='lat' dir='ltr'>inter</span> <span class='ocrx_word' id='word_1_93' title='bbox 2649 1094 2793 1171; x_wconf 73' lang='lat' dir='ltr'>illas</span> 
     </span>
     <span class='ocr_line' id='line_1_11' title="bbox 362 1180 2794 1290; baseline 0 -25"><span class='ocrx_word' id='word_1_94' title='bbox 362 1198 653 1286; x_wconf 85' lang='lat' dir='ltr'>amicum</span> <span class='ocrx_word' id='word_1_95' title='bbox 671 1209 830 1290; x_wconf 85' lang='lat' dir='ltr'>puta</span> <span class='ocrx_word' id='word_1_96' title='bbox 848 1180 971 1255; x_wconf 82' lang='lat' dir='ltr'>esse</span> <span class='ocrx_word' id='word_1_97' title='bbox 995 1186 1478 1254; x_wconf 83' lang='lat' dir='ltr'>commercium</span> <span class='ocrx_word' id='word_1_98' title='bbox 1496 1183 1599 1256; x_wconf 92' lang='lat' dir='ltr'>vel</span> <span class='ocrx_word' id='word_1_99' title='bbox 1617 1190 1815 1256; x_wconf 87' lang='lat' dir='ltr'>etiarn</span> <span class='ocrx_word' id='word_1_100' title='bbox 1839 1194 2226 1289; x_wconf 58' lang='lat' dir='ltr'>confugium</span> <span class='ocrx_word' id='word_1_101' title='bbox 2247 1242 2268 1274; x_wconf 95' lang='lat'><strong>,</strong></span> <span class='ocrx_word' id='word_1_102' title='bbox 2297 1185 2580 1288; x_wconf 84' lang='lat' dir='ltr'>sapiente</span> <span class='ocrx_word' id='word_1_103' title='bbox 2612 1199 2682 1263; x_wconf 88' lang='lat'>&amp;</span> <span class='ocrx_word' id='word_1_104' title='bbox 2710 1192 2794 1266; x_wconf 90' lang='lat' dir='ltr'>li-</span> 
     </span>
     <span class='ocr_line' id='line_1_12' title="bbox 364 1281 2791 1389; baseline -0.001 -22"><span class='ocrx_word' id='word_1_105' title='bbox 364 1290 527 1367; x_wconf 88' lang='lat' dir='ltr'>bera</span> <span class='ocrx_word' id='word_1_106' title='bbox 555 1295 690 1362; x_wconf 90' lang='lat' dir='ltr'>Dei</span> <span class='ocrx_word' id='word_1_107' title='bbox 718 1281 1056 1360; x_wconf 83' lang='lat' dir='ltr'>voluntate</span> <span class='ocrx_word' id='word_1_108' title='bbox 1086 1282 1473 1366; x_wconf 85' lang='lat' dir='ltr'>institutum.</span> <span class='ocrx_word' id='word_1_109' title='bbox 1536 1288 1951 1385; x_wconf 84' lang='lat' dir='ltr'>Conjugium</span> <span class='ocrx_word' id='word_1_110' title='bbox 1989 1292 2236 1388; x_wconf 85' lang='lat' dir='ltr'>quippe</span> <span class='ocrx_word' id='word_1_111' title='bbox 2264 1292 2435 1359; x_wconf 91' lang='lat' dir='ltr'>inter</span> <span class='ocrx_word' id='word_1_112' title='bbox 2452 1295 2791 1389; x_wconf 79' lang='lat' dir='ltr'>proximos</span> 
     </span>
     <span class='ocr_line' id='line_1_13' title="bbox 368 1381 1958 1489; baseline -0.009 -25"><span class='ocrx_word' id='word_1_113' title='bbox 368 1385 894 1489; x_wconf 83' lang='lat' dir='ltr'>consanguineos</span> <span class='ocrx_word' id='word_1_114' title='bbox 912 1381 1012 1455; x_wconf 87' lang='lat' dir='ltr'>lex</span> <span class='ocrx_word' id='word_1_115' title='bbox 1029 1408 1167 1454; x_wconf 91' lang='lat' dir='ltr'>non</span> <span class='ocrx_word' id='word_1_116' title='bbox 1185 1385 1532 1482; x_wconf 84' lang='lat' dir='ltr'>permittit.</span> <span class='ocrx_word' id='word_1_117' title='bbox 1955 1411 1958 1414; x_wconf 49' lang='lat'><strong>&gt;</strong></span> 
     </span>
     <span class='ocr_line' id='line_1_14' title="bbox 461 1485 2790 1596; baseline 0.005 -42"><span class='ocrx_word' id='word_1_118' title='bbox 461 1516 536 1588; x_wconf 83' lang='lat'>7,</span> <span class='ocrx_word' id='word_1_119' title='bbox 585 1493 734 1590; x_wconf 82' lang='lat' dir='ltr'>Q</span> <span class='ocrx_word' id='word_1_120' title='bbox 760 1485 999 1596; x_wconf 76' lang='lat' dir='ltr'>prioris</span> <span class='ocrx_word' id='word_1_121' title='bbox 1029 1487 1283 1584; x_wconf 82' lang='lat' dir='ltr'>generis</span> <span class='ocrx_word' id='word_1_122' title='bbox 1302 1506 1537 1553; x_wconf 82' lang='lat' dir='ltr'>nexum</span> <span class='ocrx_word' id='word_1_123' title='bbox 1555 1486 1727 1555; x_wconf 91' lang='lat' dir='ltr'>inter</span> <span class='ocrx_word' id='word_1_124' title='bbox 1747 1508 1983 1583; x_wconf 87' lang='lat' dir='ltr'>corpus</span> <span class='ocrx_word' id='word_1_125' title='bbox 2003 1492 2070 1558; x_wconf 75' lang='grc' dir='ltr'>δε</span> <span class='ocrx_word' id='word_1_126' title='bbox 2095 1489 2380 1558; x_wconf 86' lang='lat' dir='ltr'>animam</span> <span class='ocrx_word' id='word_1_127' title='bbox 2403 1494 2790 1588; x_wconf 46' lang='lat' dir='ltr'>requirunt.</span> 
     </span>
     <span class='ocr_line' id='line_1_15' title="bbox 365 1582 2791 1684; baseline 0 -20"><span class='ocrx_word' id='word_1_128' title='bbox 365 1613 622 1664; x_wconf 82' lang='lat' dir='ltr'>naturas</span> <span class='ocrx_word' id='word_1_129' title='bbox 655 1597 727 1660; x_wconf 77' lang='grc' dir='ltr'>δε</span> <span class='ocrx_word' id='word_1_130' title='bbox 759 1587 1132 1657; x_wconf 67' lang='lat' dir='ltr'>functiones</span> <span class='ocrx_word' id='word_1_131' title='bbox 1160 1584 1305 1684; x_wconf 84' lang='lat' dir='ltr'>plus</span> <span class='ocrx_word' id='word_1_132' title='bbox 1333 1605 1483 1656; x_wconf 91' lang='lat' dir='ltr'>toto</span> <span class='ocrx_word' id='word_1_133' title='bbox 1507 1583 1672 1656; x_wconf 84' lang='lat' dir='ltr'>caelo</span> <span class='ocrx_word' id='word_1_134' title='bbox 1702 1582 2005 1655; x_wconf 84' lang='lat' dir='ltr'>distantes</span> <span class='ocrx_word' id='word_1_135' title='bbox 2044 1583 2506 1675; x_wconf 86' lang='lat' dir='ltr'>confundunt,</span> <span class='ocrx_word' id='word_1_136' title='bbox 2538 1598 2609 1663; x_wconf 73' lang='grc' dir='ltr'>δε</span> <span class='ocrx_word' id='word_1_137' title='bbox 2633 1594 2791 1664; x_wconf 84' lang='lat' dir='ltr'>Ho-</span> 
     </span>
     <span class='ocr_line' id='line_1_16' title="bbox 367 1679 2785 1788; baseline 0 -24"><span class='ocrx_word' id='word_1_138' title='bbox 367 1696 619 1766; x_wconf 88' lang='lat' dir='ltr'>minem</span> <span class='ocrx_word' id='word_1_139' title='bbox 638 1734 659 1770; x_wconf 85' lang='lat'>,</span> <span class='ocrx_word' id='word_1_140' title='bbox 677 1691 790 1788; x_wconf 89' lang='lat' dir='ltr'>qui</span> <span class='ocrx_word' id='word_1_141' title='bbox 811 1708 1123 1784; x_wconf 86' lang='lat' dir='ltr'>tanquam</span> <span class='ocrx_word' id='word_1_142' title='bbox 1152 1683 1343 1757; x_wconf 89' lang='lat' dir='ltr'>valde</span> <span class='ocrx_word' id='word_1_143' title='bbox 1366 1679 1771 1785; x_wconf 79' lang='lat' dir='ltr'>compositus</span> <span class='ocrx_word' id='word_1_144' title='bbox 1791 1687 2016 1758; x_wconf 89' lang='lat' dir='ltr'>animo</span> <span class='ocrx_word' id='word_1_145' title='bbox 2045 1686 2135 1760; x_wconf 90' lang='lat' dir='ltr'>est</span> <span class='ocrx_word' id='word_1_146' title='bbox 2154 1687 2654 1786; x_wconf 54' lang='lat' dir='ltr'>concipiendus.</span> <span class='ocrx_word' id='word_1_147' title='bbox 2672 1687 2785 1764; x_wconf 56' lang='lat' dir='ltr'>vess</span> 
     </span>
     <span class='ocr_line' id='line_1_17' title="bbox 264 1779 2852 1890; baseline -0 -28"><span class='ocrx_word' id='word_1_148' title='bbox 264 1877 267 1880; x_wconf 8' lang='lat' dir='ltr'>y</span> <span class='ocrx_word' id='word_1_149' title='bbox 362 1791 492 1865; x_wconf 84' lang='lat' dir='ltr'>luti</span> <span class='ocrx_word' id='word_1_150' title='bbox 509 1816 622 1864; x_wconf 87' lang='lat' dir='ltr'>ens</span> <span class='ocrx_word' id='word_1_151' title='bbox 639 1783 904 1890; x_wconf 82' lang='lat' dir='ltr'>simplex</span> <span class='ocrx_word' id='word_1_152' title='bbox 926 1783 1440 1885; x_wconf 88' lang='lat' dir='ltr'>quodammodo</span> <span class='ocrx_word' id='word_1_153' title='bbox 1461 1782 1583 1857; x_wconf 81' lang='lat' dir='ltr'>fibi</span> <span class='ocrx_word' id='word_1_154' title='bbox 1607 1781 2084 1888; x_wconf 73' lang='lat' dir='ltr'>repraesentant.</span> <span class='ocrx_word' id='word_1_155' title='bbox 2693 1789 2720 1812; x_wconf 74' lang='lat'><em>⁶</em></span> <span class='ocrx_word' id='word_1_156' title='bbox 2761 1779 2786 1792; x_wconf 63' lang='lat'><strong><em>⁴</em></strong></span> <span class='ocrx_word' id='word_1_157' title='bbox 2849 1781 2852 1784; x_wconf 38' lang='lat'>¹</span> 
     </span>
     <span class='ocr_line' id='line_1_18' title="bbox 470 1886 2789 1992; baseline -0 -26"><span class='ocrx_word' id='word_1_158' title='bbox 470 1899 539 1966; x_wconf 84' lang='lat'>8.</span> <span class='ocrx_word' id='word_1_159' title='bbox 585 1896 813 1991; x_wconf 87' lang='lat' dir='ltr'>Itaque</span> <span class='ocrx_word' id='word_1_160' title='bbox 850 1913 989 1963; x_wconf 91' lang='lat' dir='ltr'>non</span> <span class='ocrx_word' id='word_1_161' title='bbox 1027 1909 1299 1990; x_wconf 83' lang='lat' dir='ltr'>oportet</span> <span class='ocrx_word' id='word_1_162' title='bbox 1337 1889 1743 1988; x_wconf 81' lang='lat' dir='ltr'>interrogare</span> <span class='ocrx_word' id='word_1_163' title='bbox 1779 1940 1801 1974; x_wconf 92' lang='lat'><strong>,</strong></span> <span class='ocrx_word' id='word_1_164' title='bbox 1853 1914 2046 1987; x_wconf 83' lang='lat' dir='ltr'>quare</span> <span class='ocrx_word' id='word_1_165' title='bbox 2069 1886 2229 1961; x_wconf 87' lang='lat' dir='ltr'>tales</span> <span class='ocrx_word' id='word_1_166' title='bbox 2256 1886 2691 1992; x_wconf 79' lang='lat' dir='ltr'>cogitationes</span> <span class='ocrx_word' id='word_1_167' title='bbox 2718 1887 2789 1965; x_wconf 78' lang='lat' dir='ltr'>iri</span> 
     </span>
     <span class='ocr_line' id='line_1_19' title="bbox 365 1986 2793 2092; baseline 0 -25"><span class='ocrx_word' id='word_1_168' title='bbox 365 1995 591 2067; x_wconf 85' lang='lat' dir='ltr'>animo</span> <span class='ocrx_word' id='word_1_169' title='bbox 609 2018 684 2066; x_wconf 87' lang='lat' dir='ltr'>ex</span> <span class='ocrx_word' id='word_1_170' title='bbox 706 1987 940 2066; x_wconf 84' lang='lat' dir='ltr'>talibus</span> <span class='ocrx_word' id='word_1_171' title='bbox 958 1992 1256 2091; x_wconf 82' lang='lat' dir='ltr'>corporis</span> <span class='ocrx_word' id='word_1_172' title='bbox 1272 1986 1569 2063; x_wconf 83' lang='lat' dir='ltr'>motibus</span> <span class='ocrx_word' id='word_1_173' title='bbox 1590 1986 2108 2089; x_wconf 84' lang='lat' dir='ltr'>consequantur,</span> <span class='ocrx_word' id='word_1_174' title='bbox 2133 2013 2245 2063; x_wconf 87' lang='lat' dir='ltr'>aut</span> <span class='ocrx_word' id='word_1_175' title='bbox 2263 1989 2617 2092; x_wconf 89' lang='lat' dir='ltr'>quomodo</span> <span class='ocrx_word' id='word_1_176' title='bbox 2637 2018 2793 2068; x_wconf 86' lang='lat' dir='ltr'>mo·-</span> 
     </span>
     <span class='ocr_line' id='line_1_20' title="bbox 363 2085 2785 2196; baseline -0.001 -26"><span class='ocrx_word' id='word_1_177' title='bbox 363 2118 468 2170; x_wconf 78' lang='lat' dir='ltr'>tus</span> <span class='ocrx_word' id='word_1_178' title='bbox 491 2089 823 2196; x_wconf 82' lang='lat' dir='ltr'>spirituum</span> <span class='ocrx_word' id='word_1_179' title='bbox 849 2087 935 2163; x_wconf 82' lang='lat' dir='ltr'>ab</span> <span class='ocrx_word' id='word_1_180' title='bbox 968 2095 1174 2165; x_wconf 87' lang='lat' dir='ltr'>animi</span> <span class='ocrx_word' id='word_1_181' title='bbox 1199 2090 1535 2166; x_wconf 89' lang='lat' dir='ltr'>voluntate</span> <span class='ocrx_word' id='word_1_182' title='bbox 1566 2090 1924 2191; x_wconf 86' lang='lat' dir='ltr'>pendeant.</span> <span class='ocrx_word' id='word_1_183' title='bbox 1989 2093 2171 2163; x_wconf 92' lang='lat' dir='ltr'>Nam</span> <span class='ocrx_word' id='word_1_184' title='bbox 2203 2088 2360 2166; x_wconf 88' lang='lat' dir='ltr'>illud</span> <span class='ocrx_word' id='word_1_185' title='bbox 2392 2085 2642 2165; x_wconf 65' lang='lat' dir='ltr'>annila</span> <span class='ocrx_word' id='word_1_186' title='bbox 2665 2120 2785 2174; x_wconf 53' lang='lat' dir='ltr'>nae</span> 
     </span>
    </p>
   </div>
   <div class='ocr_carea' id='block_1_2' title="bbox 359 2188 2789 2397">
    <p class='ocr_par' dir='ltr' id='par_1_2' title="bbox 359 2188 2789 2397">
     <span class='ocr_line' id='line_1_21' title="bbox 359 2188 2789 2299; baseline 0 -29"><span class='ocrx_word' id='word_1_187' title='bbox 359 2214 520 2270; x_wconf 80' lang='lat' dir='ltr'>turae</span> <span class='ocrx_word' id='word_1_188' title='bbox 542 2190 1005 2268; x_wconf 72' lang='lat' dir='ltr'>necessitudine</span> <span class='ocrx_word' id='word_1_189' title='bbox 1031 2191 1142 2265; x_wconf 84' lang='lat' dir='ltr'>vel</span> <span class='ocrx_word' id='word_1_190' title='bbox 1169 2199 1568 2291; x_wconf 89' lang='lat' dir='ltr'>cognatione</span> <span class='ocrx_word' id='word_1_191' title='bbox 1587 2188 1734 2290; x_wconf 81' lang='lat' dir='ltr'>ipsis</span> <span class='ocrx_word' id='word_1_192' title='bbox 1765 2189 2114 2265; x_wconf 81' lang='lat' dir='ltr'>inhoerente</span> <span class='ocrx_word' id='word_1_193' title='bbox 2137 2245 2158 2277; x_wconf 95' lang='lat'><strong>,</strong></span> <span class='ocrx_word' id='word_1_194' title='bbox 2175 2192 2435 2292; x_wconf 86' lang='lat' dir='ltr'>qualem</span> <span class='ocrx_word' id='word_1_195' title='bbox 2457 2191 2566 2267; x_wconf 87' lang='lat' dir='ltr'>hic</span> <span class='ocrx_word' id='word_1_196' title='bbox 2586 2194 2789 2299; x_wconf 82' lang='lat' dir='ltr'>pleri-</span> 
     </span>
     <span class='ocr_line' id='line_1_22' title="bbox 361 2287 2284 2397; baseline -0.001 -28"><span class='ocrx_word' id='word_1_197' title='bbox 361 2321 495 2397; x_wconf 84' lang='lat' dir='ltr'>que</span> <span class='ocrx_word' id='word_1_198' title='bbox 523 2298 902 2390; x_wconf 76' lang='lat' dir='ltr'>requirunt3</span> <span class='ocrx_word' id='word_1_199' title='bbox 936 2287 1041 2357; x_wconf 89' lang='lat' dir='ltr'>sed</span> <span class='ocrx_word' id='word_1_200' title='bbox 1064 2287 1102 2357; x_wconf 69' lang='lat' dir='ltr'>a</span> <span class='ocrx_word' id='word_1_201' title='bbox 1127 2292 1266 2356; x_wconf 91' lang='lat' dir='ltr'>Dei</span> <span class='ocrx_word' id='word_1_202' title='bbox 1293 2288 1664 2361; x_wconf 83' lang='lat' dir='ltr'>conditoris</span> <span class='ocrx_word' id='word_1_203' title='bbox 1689 2289 2027 2364; x_wconf 87' lang='lat' dir='ltr'>voluntate</span> <span class='ocrx_word' id='word_1_204' title='bbox 2056 2295 2284 2367; x_wconf 84' lang='lat' dir='ltr'>existit.</span> 
     </span>
    </p>
   </div>
   <div class='ocr_carea' id='block_1_3' title="bbox 361 2382 2798 3692">
    <p class='ocr_par' dir='ltr' id='par_1_3' title="bbox 361 2382 2792 2864">
     <span class='ocr_line' id='line_1_23' title="bbox 457 2382 2783 2558; baseline 0.002 -95"><span class='ocrx_word' id='word_1_205' title='bbox 457 2416 531 2482; x_wconf 87' lang='lat'>9.</span> <span class='ocrx_word' id='word_1_206' title='bbox 579 2397 767 2461; x_wconf 86' lang='lat' dir='ltr'>Deus</span> <span class='ocrx_word' id='word_1_207' title='bbox 794 2410 923 2487; x_wconf 89' lang='lat' dir='ltr'>pro</span> <span class='ocrx_word' id='word_1_208' title='bbox 945 2382 1257 2558; x_wconf 60' lang='grc' dir='ltr'>ίὲὲἰσηῑίει</span> <span class='ocrx_word' id='word_1_209' title='bbox 1292 2395 1364 2460; x_wconf 89' lang='lat'>&amp;</span> <span class='ocrx_word' id='word_1_210' title='bbox 1386 2384 1690 2459; x_wconf 87' lang='lat' dir='ltr'>libertate</span> <span class='ocrx_word' id='word_1_211' title='bbox 1717 2383 1822 2460; x_wconf 86' lang='lat' dir='ltr'>sua</span> <span class='ocrx_word' id='word_1_212' title='bbox 1857 2386 2427 2465; x_wconf 83' lang='lat' dir='ltr'>diversiffimorum</span> <span class='ocrx_word' id='word_1_213' title='bbox 2464 2417 2783 2494; x_wconf 90' lang='lat' dir='ltr'>generum</span> 
     </span>
     <span class='ocr_line' id='line_1_24' title="bbox 361 2484 2792 2569; baseline 0.003 -7"><span class='ocrx_word' id='word_1_214' title='bbox 361 2490 545 2563; x_wconf 64' lang='lat' dir='ltr'>actus</span> <span class='ocrx_word' id='word_1_215' title='bbox 570 2491 641 2559; x_wconf 89' lang='lat' dir='ltr'>in</span> <span class='ocrx_word' id='word_1_216' title='bbox 669 2488 968 2558; x_wconf 90' lang='lat' dir='ltr'>Homine</span> <span class='ocrx_word' id='word_1_217' title='bbox 1040 2510 1077 2555; x_wconf 93' lang='lat' dir='ltr'>c</span> <span class='ocrx_word' id='word_1_218' title='bbox 1105 2488 1279 2558; x_wconf 68' lang='lat' dir='ltr'>necti</span> <span class='ocrx_word' id='word_1_219' title='bbox 1300 2484 1547 2564; x_wconf 78' lang='lat' dir='ltr'>voluit,</span> <span class='ocrx_word' id='word_1_220' title='bbox 1578 2511 1652 2559; x_wconf 92' lang='lat' dir='ltr'>ut</span> <span class='ocrx_word' id='word_1_221' title='bbox 1672 2484 1834 2560; x_wconf 86' lang='lat' dir='ltr'>alter</span> <span class='ocrx_word' id='word_1_222' title='bbox 1858 2488 1945 2561; x_wconf 87' lang='lat' dir='ltr'>ad</span> <span class='ocrx_word' id='word_1_223' title='bbox 1979 2489 2252 2559; x_wconf 89' lang='lat' dir='ltr'>alterum</span> <span class='ocrx_word' id='word_1_224' title='bbox 2287 2490 2465 2561; x_wconf 86' lang='lat' dir='ltr'>nulla</span> <span class='ocrx_word' id='word_1_225' title='bbox 2495 2486 2792 2569; x_wconf 82' lang='lat' dir='ltr'>fimilitu-</span> 
     </span>
     <span class='ocr_line' id='line_1_25' title="bbox 364 2579 2785 2684; baseline 0 -22"><span class='ocrx_word' id='word_1_226' title='bbox 364 2582 524 2662; x_wconf 83' lang='lat' dir='ltr'>dine</span> <span class='ocrx_word' id='word_1_227' title='bbox 547 2582 996 2659; x_wconf 82' lang='lat' dir='ltr'>intercedente</span> <span class='ocrx_word' id='word_1_228' title='bbox 1015 2579 1402 2656; x_wconf 85' lang='lat' dir='ltr'>referretur:</span> <span class='ocrx_word' id='word_1_229' title='bbox 1439 2610 1639 2680; x_wconf 86' lang='lat' dir='ltr'>quem</span> <span class='ocrx_word' id='word_1_230' title='bbox 1674 2608 1895 2656; x_wconf 88' lang='lat' dir='ltr'>tamen</span> <span class='ocrx_word' id='word_1_231' title='bbox 1924 2608 2164 2655; x_wconf 83' lang='lat' dir='ltr'>nexum</span> <span class='ocrx_word' id='word_1_232' title='bbox 2192 2588 2514 2684; x_wconf 84' lang='lat' dir='ltr'>Optimus</span> <span class='ocrx_word' id='word_1_233' title='bbox 2541 2612 2785 2662; x_wconf 74' lang='lat' dir='ltr'>naturoe</span> 
     </span>
     <span class='ocr_line' id='line_1_26' title="bbox 362 2677 2786 2786; baseline -0 -23"><span class='ocrx_word' id='word_1_234' title='bbox 362 2691 629 2764; x_wconf 67' lang='lat' dir='ltr'>Auctor</span> <span class='ocrx_word' id='word_1_235' title='bbox 652 2681 773 2786; x_wconf 88' lang='lat' dir='ltr'>ipfi</span> <span class='ocrx_word' id='word_1_236' title='bbox 793 2684 1081 2757; x_wconf 87' lang='lat' dir='ltr'>Homini</span> <span class='ocrx_word' id='word_1_237' title='bbox 1101 2684 1288 2755; x_wconf 86' lang='lat' dir='ltr'>variis</span> <span class='ocrx_word' id='word_1_238' title='bbox 1310 2681 1532 2756; x_wconf 82' lang='lat' dir='ltr'>modis</span> <span class='ocrx_word' id='word_1_239' title='bbox 1561 2680 1988 2755; x_wconf 82' lang='lat' dir='ltr'>formandum</span> <span class='ocrx_word' id='word_1_240' title='bbox 2010 2677 2219 2754; x_wconf 87' lang='lat' dir='ltr'>dedit.</span> <span class='ocrx_word' id='word_1_241' title='bbox 2276 2689 2436 2785; x_wconf 78' lang='lat' dir='ltr'>Q</span> <span class='ocrx_word' id='word_1_242' title='bbox 2466 2680 2550 2756; x_wconf 88' lang='lat' dir='ltr'>de</span> <span class='ocrx_word' id='word_1_243' title='bbox 2573 2706 2644 2758; x_wconf 86' lang='lat' dir='ltr'>re</span> <span class='ocrx_word' id='word_1_244' title='bbox 2672 2683 2786 2761; x_wconf 86' lang='lat' dir='ltr'>su·</span> 
     </span>
     <span class='ocr_line' id='line_1_27' title="bbox 364 2777 2783 2864; baseline -0.003 -2"><span class='ocrx_word' id='word_1_245' title='bbox 364 2781 731 2864; x_wconf 71' lang='lat' dir='ltr'>fiusinftaa</span> <span class='ocrx_word' id='word_1_246' title='bbox 777 2802 949 2858; x_wconf 61' lang='lat' dir='ltr'>etur.</span> <span class='ocrx_word' id='word_1_247' title='bbox 2373 2789 2440 2816; x_wconf 80' lang='grc'>··</span> <span class='ocrx_word' id='word_1_248' title='bbox 2499 2782 2502 2785; x_wconf 73' lang='grc'><strong>’</strong></span> <span class='ocrx_word' id='word_1_249' title='bbox 2614 2777 2680 2803; x_wconf 74' lang='grc'>’·</span> <span class='ocrx_word' id='word_1_250' title='bbox 2779 2782 2783 2787; x_wconf 68' lang='grc'><strong>’</strong></span> 
     </span>
    </p>

    <p class='ocr_par' dir='ltr' id='par_1_4' title="bbox 366 2879 2786 3394">
     <span class='ocr_line' id='line_1_28' title="bbox 473 2879 2786 2988; baseline -0.004 -23"><span class='ocrx_word' id='word_1_251' title='bbox 473 2916 584 2967; x_wconf 86' lang='grc' dir='ltr'>ιο.</span> <span class='ocrx_word' id='word_1_252' title='bbox 631 2891 695 2962; x_wconf 91' lang='lat' dir='ltr'>A</span> <span class='ocrx_word' id='word_1_253' title='bbox 780 2882 954 2960; x_wconf 74' lang='lat' dir='ltr'>hanc</span> <span class='ocrx_word' id='word_1_254' title='bbox 990 2879 1193 2988; x_wconf 85' lang='lat' dir='ltr'>ipsam</span> <span class='ocrx_word' id='word_1_255' title='bbox 1227 2881 1482 2958; x_wconf 67' lang='lat' dir='ltr'>causam</span> <span class='ocrx_word' id='word_1_256' title='bbox 1510 2938 1533 2976; x_wconf 88' lang='lat'><strong>,</strong></span> <span class='ocrx_word' id='word_1_257' title='bbox 1565 2879 1855 2986; x_wconf 88' lang='lat' dir='ltr'>intellige</span> <span class='ocrx_word' id='word_1_258' title='bbox 1888 2879 2294 2957; x_wconf 86' lang='lat' dir='ltr'>voluntatem</span> <span class='ocrx_word' id='word_1_259' title='bbox 2322 2888 2454 2958; x_wconf 90' lang='lat' dir='ltr'>Dei</span> <span class='ocrx_word' id='word_1_260' title='bbox 2471 2886 2786 2963; x_wconf 74' lang='lat' dir='ltr'>ordinan-</span> 
     </span>
     <span class='ocr_line' id='line_1_29' title="bbox 366 2981 2785 3085; baseline -0.001 -19"><span class='ocrx_word' id='word_1_261' title='bbox 366 3013 506 3066; x_wconf 86' lang='lat' dir='ltr'>tem</span> <span class='ocrx_word' id='word_1_262' title='bbox 523 3042 548 3079; x_wconf 87' lang='lat'><strong>,</strong></span> <span class='ocrx_word' id='word_1_263' title='bbox 578 3014 653 3085; x_wconf 83' lang='lat' dir='ltr'>ut</span> <span class='ocrx_word' id='word_1_264' title='bbox 675 2984 920 3062; x_wconf 89' lang='lat' dir='ltr'>sacram</span> <span class='ocrx_word' id='word_1_265' title='bbox 938 2987 1297 3067; x_wconf 87' lang='lat' dir='ltr'>anchoram</span> <span class='ocrx_word' id='word_1_266' title='bbox 1312 3036 1337 3074; x_wconf 90' lang='lat'>,</span> <span class='ocrx_word' id='word_1_267' title='bbox 1365 2984 1521 3061; x_wconf 87' lang='lat' dir='ltr'>haut</span> <span class='ocrx_word' id='word_1_268' title='bbox 1539 2985 1688 3059; x_wconf 75' lang='lat' dir='ltr'>raro</span> <span class='ocrx_word' id='word_1_269' title='bbox 1714 3007 1855 3063; x_wconf 82' lang='lat' dir='ltr'>tutu</span> <span class='ocrx_word' id='word_1_270' title='bbox 1879 2988 2078 3056; x_wconf 85' lang='lat' dir='ltr'>etiam</span> <span class='ocrx_word' id='word_1_271' title='bbox 2101 2981 2302 3061; x_wconf 88' lang='lat' dir='ltr'>consu</span> <span class='ocrx_word' id='word_1_272' title='bbox 2350 3013 2455 3060; x_wconf 91' lang='lat' dir='ltr'>ere</span> <span class='ocrx_word' id='word_1_273' title='bbox 2476 3015 2521 3061; x_wconf 94' lang='lat' dir='ltr'>o</span> <span class='ocrx_word' id='word_1_274' title='bbox 2573 3015 2785 3072; x_wconf 80' lang='lat' dir='ltr'>erret,</span> 
     </span>
     <span class='ocr_line' id='line_1_30' title="bbox 368 3012 2784 3186; baseline -0 -20"><span class='ocrx_word' id='word_1_275' title='bbox 368 3091 526 3166; x_wconf 67' lang='lat' dir='ltr'>cum</span> <span class='ocrx_word' id='word_1_276' title='bbox 556 3093 725 3164; x_wconf 85' lang='lat' dir='ltr'>ratio</span> <span class='ocrx_word' id='word_1_277' title='bbox 760 3084 984 3163; x_wconf 87' lang='lat' dir='ltr'>danda</span> <span class='ocrx_word' id='word_1_278' title='bbox 1015 3089 1149 3168; x_wconf 83' lang='lat' dir='ltr'>est,</span> <span class='ocrx_word' id='word_1_279' title='bbox 1188 3113 1303 3162; x_wconf 89' lang='lat' dir='ltr'>cur</span> <span class='ocrx_word' id='word_1_280' title='bbox 1333 3110 1523 3161; x_wconf 80' lang='lat' dir='ltr'>certae</span> <span class='ocrx_word' id='word_1_281' title='bbox 1561 3086 1833 3186; x_wconf 79' lang='lat' dir='ltr'>alicujus</span> <span class='ocrx_word' id='word_1_282' title='bbox 1863 3083 2222 3162; x_wconf 85' lang='lat' dir='ltr'>substantiae</span> <span class='ocrx_word' id='word_1_283' title='bbox 2244 3012 2514 3163; x_wconf 44' lang='lat' dir='ltr'>affectio</span> <span class='ocrx_word' id='word_1_284' title='bbox 2534 3119 2569 3164; x_wconf 89' lang='lat' dir='ltr'>a</span> <span class='ocrx_word' id='word_1_285' title='bbox 2591 3088 2784 3165; x_wconf 86' lang='lat' dir='ltr'>simili</span> 
     </span>
     <span class='ocr_line' id='line_1_31' title="bbox 367 3186 2786 3291; baseline 0 -28"><span class='ocrx_word' id='word_1_286' title='bbox 367 3189 627 3265; x_wconf 82' lang='lat' dir='ltr'>alterius</span> <span class='ocrx_word' id='word_1_287' title='bbox 650 3186 1007 3264; x_wconf 73' lang='lat' dir='ltr'>substantiae</span> <span class='ocrx_word' id='word_1_288' title='bbox 1040 3187 1395 3267; x_wconf 70' lang='lat' dir='ltr'>affectione</span> <span class='ocrx_word' id='word_1_289' title='bbox 1411 3187 1844 3291; x_wconf 77' lang='lat' dir='ltr'>&#39;producatur-</span> <span class='ocrx_word' id='word_1_290' title='bbox 1907 3189 2120 3261; x_wconf 80' lang='lat' dir='ltr'>Eccur</span> <span class='ocrx_word' id='word_1_291' title='bbox 2143 3190 2213 3260; x_wconf 88' lang='lat' dir='ltr'>in</span> <span class='ocrx_word' id='word_1_292' title='bbox 2241 3214 2353 3271; x_wconf 84' lang='lat' dir='ltr'>ea,</span> <span class='ocrx_word' id='word_1_293' title='bbox 2389 3187 2502 3264; x_wconf 92' lang='lat' dir='ltr'>ubi</span> <span class='ocrx_word' id='word_1_294' title='bbox 2526 3189 2609 3265; x_wconf 91' lang='lat' dir='ltr'>de</span> <span class='ocrx_word' id='word_1_295' title='bbox 2630 3216 2786 3265; x_wconf 78' lang='lat' dir='ltr'>cor-</span> 
     </span>
     <span class='ocr_line' id='line_1_32' title="bbox 367 3283 2786 3394; baseline -0.001 -29"><span class='ocrx_word' id='word_1_296' title='bbox 367 3297 548 3394; x_wconf 86' lang='lat' dir='ltr'>poris</span> <span class='ocrx_word' id='word_1_297' title='bbox 566 3297 635 3364; x_wconf 90' lang='lat'>&amp;</span> <span class='ocrx_word' id='word_1_298' title='bbox 656 3295 853 3363; x_wconf 86' lang='lat' dir='ltr'>animi</span> <span class='ocrx_word' id='word_1_299' title='bbox 874 3294 1577 3391; x_wconf 66' lang='lat' dir='ltr'>conjunctioneagitur</span> <span class='ocrx_word' id='word_1_300' title='bbox 1594 3343 1616 3377; x_wconf 91' lang='lat'><strong>,</strong></span> <span class='ocrx_word' id='word_1_301' title='bbox 1653 3286 1941 3363; x_wconf 88' lang='lat' dir='ltr'>nolimus</span> <span class='ocrx_word' id='word_1_302' title='bbox 1961 3288 2361 3388; x_wconf 87' lang='lat' dir='ltr'>acquiescere</span> <span class='ocrx_word' id='word_1_303' title='bbox 2383 3299 2419 3364; x_wconf 66' lang='grc' dir='ltr'><strong><em>ἓ</em></strong></span> <span class='ocrx_word' id='word_1_304' title='bbox 2775 3283 2786 3291; x_wconf 74' lang='grc'><em>’</em></span> 
     </span>
    </p>

    <p class='ocr_par' dir='ltr' id='par_1_5' title="bbox 367 3387 2798 3692">
     <span class='ocr_line' id='line_1_33' title="bbox 469 3387 2792 3493; baseline -0.001 -26"><span class='ocrx_word' id='word_1_305' title='bbox 469 3419 500 3467; x_wconf 89' lang='lat'>1</span> <span class='ocrx_word' id='word_1_306' title='bbox 521 3418 578 3464; x_wconf 84' lang='lat'>1.</span> <span class='ocrx_word' id='word_1_307' title='bbox 629 3396 855 3488; x_wconf 86' lang='lat' dir='ltr'>Qare</span> <span class='ocrx_word' id='word_1_308' title='bbox 892 3417 966 3464; x_wconf 85' lang='lat' dir='ltr'>ex</span> <span class='ocrx_word' id='word_1_309' title='bbox 993 3414 1185 3467; x_wconf 90' lang='lat' dir='ltr'>motu</span> <span class='ocrx_word' id='word_1_310' title='bbox 1207 3387 1396 3493; x_wconf 89' lang='lat' dir='ltr'>globi</span> <span class='ocrx_word' id='word_1_311' title='bbox 1432 3396 1561 3463; x_wconf 90' lang='lat' dir='ltr'>mei</span> <span class='ocrx_word' id='word_1_312' title='bbox 1594 3391 1656 3460; x_wconf 71' lang='lat' dir='ltr'>se</span> <span class='ocrx_word' id='word_1_313' title='bbox 1708 3393 1882 3461; x_wconf 87' lang='lat' dir='ltr'>uitur</span> <span class='ocrx_word' id='word_1_314' title='bbox 1910 3414 2130 3462; x_wconf 85' lang='lat' dir='ltr'>motus</span> <span class='ocrx_word' id='word_1_315' title='bbox 2155 3388 2344 3493; x_wconf 87' lang='lat' dir='ltr'>globi</span> <span class='ocrx_word' id='word_1_316' title='bbox 2370 3396 2462 3464; x_wconf 91' lang='lat' dir='ltr'>tui</span> <span class='ocrx_word' id='word_1_317' title='bbox 2485 3444 2508 3477; x_wconf 85' lang='lat'><strong>,</strong></span> <span class='ocrx_word' id='word_1_318' title='bbox 2540 3388 2586 3462; x_wconf 84' lang='lat' dir='ltr'>fi</span> <span class='ocrx_word' id='word_1_319' title='bbox 2606 3414 2792 3465; x_wconf 70' lang='lat' dir='ltr'>meus</span> 
     </span>
     <span class='ocr_line' id='line_1_34' title="bbox 371 3417 2798 3591; baseline 0.002 -32"><span class='ocrx_word' id='word_1_320' title='bbox 371 3516 558 3568; x_wconf 89' lang='lat' dir='ltr'>tuum</span> <span class='ocrx_word' id='word_1_321' title='bbox 628 3490 757 3561; x_wconf 76' lang='lat' dir='ltr'>rius</span> <span class='ocrx_word' id='word_1_322' title='bbox 780 3489 1220 3591; x_wconf 87' lang='lat' dir='ltr'>quiescentem</span> <span class='ocrx_word' id='word_1_323' title='bbox 1251 3507 1516 3590; x_wconf 69' lang='lat' dir='ltr'>tangat?</span> <span class='ocrx_word' id='word_1_324' title='bbox 1555 3417 2023 3590; x_wconf 66' lang='lat' dir='ltr'>Respondebis</span> <span class='ocrx_word' id='word_1_325' title='bbox 2057 3485 2319 3562; x_wconf 85' lang='lat' dir='ltr'>fortaffe</span> <span class='ocrx_word' id='word_1_326' title='bbox 2343 3542 2362 3570; x_wconf 83' lang='lat'>‚</span> <span class='ocrx_word' id='word_1_327' title='bbox 2397 3487 2598 3561; x_wconf 84' lang='lat' dir='ltr'>fimile</span> <span class='ocrx_word' id='word_1_328' title='bbox 2623 3496 2798 3565; x_wconf 82' lang='lat' dir='ltr'>acci-</span> 
     </span>
     <span class='ocr_line' id='line_1_35' title="bbox 367 3585 2795 3692; baseline -0.001 -23"><span class='ocrx_word' id='word_1_329' title='bbox 367 3592 534 3669; x_wconf 88' lang='lat' dir='ltr'>dens</span> <span class='ocrx_word' id='word_1_330' title='bbox 594 3588 757 3661; x_wconf 90' lang='lat' dir='ltr'>acile</span> <span class='ocrx_word' id='word_1_331' title='bbox 789 3587 961 3662; x_wconf 87' lang='lat' dir='ltr'>effici</span> <span class='ocrx_word' id='word_1_332' title='bbox 986 3592 1026 3666; x_wconf 65' lang='grc' dir='ltr'>ὲ</span> <span class='ocrx_word' id='word_1_333' title='bbox 1055 3589 1244 3664; x_wconf 84' lang='lat' dir='ltr'>fimili</span> <span class='ocrx_word' id='word_1_334' title='bbox 1288 3595 1360 3661; x_wconf 90' lang='lat' dir='ltr'>in</span> <span class='ocrx_word' id='word_1_335' title='bbox 1394 3586 1690 3688; x_wconf 69' lang='lat' dir='ltr'>subjecto</span> <span class='ocrx_word' id='word_1_336' title='bbox 1724 3585 2065 3661; x_wconf 78' lang='lat' dir='ltr'>consimili.</span> <span class='ocrx_word' id='word_1_337' title='bbox 2125 3588 2257 3662; x_wconf 89' lang='lat' dir='ltr'>Sed</span> <span class='ocrx_word' id='word_1_338' title='bbox 2295 3612 2410 3658; x_wconf 91' lang='lat' dir='ltr'>cur</span> <span class='ocrx_word' id='word_1_339' title='bbox 2440 3613 2579 3660; x_wconf 92' lang='lat' dir='ltr'>non</span> <span class='ocrx_word' id='word_1_340' title='bbox 2608 3590 2795 3692; x_wconf 63' lang='lat' dir='ltr'>aequc</span> 
     </span>
    </p>
   </div>
   <div class='ocr_carea' id='block_1_4' title="bbox 252 3688 2801 3792">
    <p class='ocr_par' dir='ltr' id='par_1_6' title="bbox 252 3688 2801 3792">
     <span class='ocr_line' id='line_1_36' title="bbox 252 3688 2801 3792; baseline 0 -24"><span class='ocrx_word' id='word_1_341' title='bbox 252 3692 297 3711; x_wconf 79' lang='grc'><strong>”</strong></span> <span class='ocrx_word' id='word_1_342' title='bbox 368 3693 668 3768; x_wconf 85' lang='lat' dir='ltr'>celeriter</span> <span class='ocrx_word' id='word_1_343' title='bbox 701 3695 914 3792; x_wconf 86' lang='lat' dir='ltr'>pergit</span> <span class='ocrx_word' id='word_1_344' title='bbox 931 3696 1184 3765; x_wconf 84' lang='lat' dir='ltr'>moveri</span> <span class='ocrx_word' id='word_1_345' title='bbox 1203 3688 1442 3791; x_wconf 88' lang='lat' dir='ltr'>globus</span> <span class='ocrx_word' id='word_1_346' title='bbox 1459 3741 1482 3774; x_wconf 84' lang='lat'>,</span> <span class='ocrx_word' id='word_1_347' title='bbox 1520 3691 1867 3790; x_wconf 87' lang='lat' dir='ltr'>postquam</span> <span class='ocrx_word' id='word_1_348' title='bbox 1886 3688 2162 3763; x_wconf 88' lang='lat' dir='ltr'>alterum</span> <span class='ocrx_word' id='word_1_349' title='bbox 2184 3688 2343 3759; x_wconf 91' lang='lat' dir='ltr'>loco</span> <span class='ocrx_word' id='word_1_350' title='bbox 2362 3690 2653 3790; x_wconf 87' lang='lat' dir='ltr'>pepulit,</span> <span class='ocrx_word' id='word_1_351' title='bbox 2678 3721 2801 3768; x_wconf 89' lang='lat' dir='ltr'>cur</span> 
     </span>
    </p>
   </div>
   <div class='ocr_carea' id='block_1_5' title="bbox 373 3787 2797 3996">
    <p class='ocr_par' dir='ltr' id='par_1_7' title="bbox 373 3787 2797 3996">
     <span class='ocr_line' id='line_1_37' title="bbox 373 3787 2794 3891; baseline -0.003 -24"><span class='ocrx_word' id='word_1_352' title='bbox 373 3819 515 3869; x_wconf 91' lang='lat' dir='ltr'>non</span> <span class='ocrx_word' id='word_1_353' title='bbox 534 3793 778 3869; x_wconf 88' lang='lat' dir='ltr'>retinet</span> <span class='ocrx_word' id='word_1_354' title='bbox 794 3814 1053 3864; x_wconf 89' lang='lat' dir='ltr'>motum</span> <span class='ocrx_word' id='word_1_355' title='bbox 1074 3841 1097 3877; x_wconf 87' lang='lat'>,</span> <span class='ocrx_word' id='word_1_356' title='bbox 1128 3813 1203 3861; x_wconf 92' lang='lat' dir='ltr'>ut</span> <span class='ocrx_word' id='word_1_357' title='bbox 1219 3811 1584 3891; x_wconf 83' lang='lat' dir='ltr'>praeceptor</span> <span class='ocrx_word' id='word_1_358' title='bbox 1609 3787 1728 3862; x_wconf 82' lang='lat' dir='ltr'>sibi</span> <span class='ocrx_word' id='word_1_359' title='bbox 1752 3789 1955 3861; x_wconf 74' lang='lat' dir='ltr'>servat</span> <span class='ocrx_word' id='word_1_360' title='bbox 1978 3787 2304 3863; x_wconf 87' lang='lat' dir='ltr'>scientiam</span> <span class='ocrx_word' id='word_1_361' title='bbox 2323 3839 2346 3876; x_wconf 87' lang='lat'><strong>,</strong></span> <span class='ocrx_word' id='word_1_362' title='bbox 2384 3815 2583 3888; x_wconf 88' lang='lat' dir='ltr'>quam</span> <span class='ocrx_word' id='word_1_363' title='bbox 2607 3792 2794 3866; x_wconf 83' lang='lat' dir='ltr'>disci..</span> 
     </span>
     <span class='ocr_line' id='line_1_38' title="bbox 373 3886 2797 3996; baseline -0.005 -28"><span class='ocrx_word' id='word_1_364' title='bbox 373 3894 539 3996; x_wconf 87' lang='lat' dir='ltr'>pulo</span> <span class='ocrx_word' id='word_1_365' title='bbox 577 3889 850 3970; x_wconf 80' lang='lat' dir='ltr'>tradidit</span> <span class='ocrx_word' id='word_1_366' title='bbox 885 3895 914 3968; x_wconf 69' lang='grc' dir='ltr'><strong>ζ</strong></span> <span class='ocrx_word' id='word_1_367' title='bbox 967 3893 1235 3992; x_wconf 89' lang='lat' dir='ltr'>Nempe</span> <span class='ocrx_word' id='word_1_368' title='bbox 1270 3893 1400 3963; x_wconf 91' lang='lat' dir='ltr'>Dei</span> <span class='ocrx_word' id='word_1_369' title='bbox 1435 3891 1777 3966; x_wconf 83' lang='lat' dir='ltr'>Creatoris</span> <span class='ocrx_word' id='word_1_370' title='bbox 1808 3886 2111 3964; x_wconf 86' lang='lat' dir='ltr'>voluntas</span> <span class='ocrx_word' id='word_1_371' title='bbox 2135 3888 2243 3968; x_wconf 79' lang='lat' dir='ltr'>hic</span> <span class='ocrx_word' id='word_1_372' title='bbox 2273 3895 2570 3992; x_wconf 83' lang='lat' dir='ltr'>inprimis</span> <span class='ocrx_word' id='word_1_373' title='bbox 2594 3890 2797 3988; x_wconf 73' lang='lat' dir='ltr'>respi-</span> 
     </span>
    </p>
   </div>
   <div class='ocr_carea' id='block_1_6' title="bbox 374 3984 2797 4185">
    <p class='ocr_par' dir='ltr' id='par_1_8' title="bbox 374 3984 2797 4185">
     <span class='ocr_line' id='line_1_39' title="bbox 374 3984 2797 4185; baseline -0.007 -107"><span class='ocrx_word' id='word_1_374' title='bbox 374 3999 613 4101; x_wconf 50' lang='lat' dir='ltr'>cienda</span> <span class='ocrx_word' id='word_1_375' title='bbox 629 3991 723 4068; x_wconf 76' lang='lat' dir='ltr'>est</span> <span class='ocrx_word' id='word_1_376' title='bbox 739 4047 765 4087; x_wconf 88' lang='lat'>‚</span> <span class='ocrx_word' id='word_1_377' title='bbox 840 4018 924 4077; x_wconf 79' lang='lat' dir='ltr'>ua</span> <span class='ocrx_word' id='word_1_378' title='bbox 953 3989 1085 4100; x_wconf 82' lang='lat' dir='ltr'>ipsc</span> <span class='ocrx_word' id='word_1_379' title='bbox 1106 3990 1442 4070; x_wconf 85' lang='lat' dir='ltr'>constituit</span> <span class='ocrx_word' id='word_1_380' title='bbox 1461 4018 1533 4071; x_wconf 93' lang='lat' dir='ltr'>ut</span> <span class='ocrx_word' id='word_1_381' title='bbox 1552 3994 1689 4072; x_wconf 86' lang='lat' dir='ltr'>hoc</span> <span class='ocrx_word' id='word_1_382' title='bbox 1707 3984 1952 4171; x_wconf 55' lang='lat' dir='ltr'>&#39;vglli’llbo</span> <span class='ocrx_word' id='word_1_383' title='bbox 1964 3993 2034 4070; x_wconf 90' lang='lat' dir='ltr'>in</span> <span class='ocrx_word' id='word_1_384' title='bbox 2059 3991 2188 4071; x_wconf 85' lang='lat' dir='ltr'>hac</span> <span class='ocrx_word' id='word_1_385' title='bbox 2207 4018 2274 4069; x_wconf 92' lang='lat' dir='ltr'>re</span> <span class='ocrx_word' id='word_1_386' title='bbox 2300 3989 2518 4097; x_wconf 80' lang='lat' dir='ltr'>posito</span> <span class='ocrx_word' id='word_1_387' title='bbox 2542 4006 2797 4185; x_wconf 50' lang='lat'>“3:1¹3</span> 
     </span>
    </p>
   </div>
  </div>
 </body>
</html>
