3391 4418
585 183 628 262 8
642 174 687 260 8
759 258 762 261 Δ
1175 161 1183 169 ’
1255 155 1314 238 Ρ
1435 176 1498 233 n
1618 176 1672 231 Y
1794 174 1834 229 s
1958 176 1993 228 1
2100 150 2169 225 'c
2291 170 2354 225 A

686 313 717 361 1
734 310 863 361 zoa
879 336 895 354 .
933 271 1343 350 Attolluntur
1359 290 1578 336 autem
1593 289 1710 364 per
1727 285 1910 334 terrae
1930 285 2123 353 yenas
2145 252 2357 329 versus
2373 256 2707 326 montium
2725 250 2977 327 radices
3019 284 3040 327 t

587 390 703 468 ubi
720 387 874 459 cum
898 373 1189 480 pluribus
1206 370 1388 442 rimis
1413 390 1579 436 terra
1599 360 1846 436 fatiscat
1863 407 1888 440 ‚
1905 357 2168 431 metalla
2180 357 2585 458 potiffimum
2599 381 3023 456 congregati,

596 517 702 566 tur
722 516 745 573 ⁶,
767 495 836 559 ὃ(
853 476 1122 579 quidem
1145 472 1307 541 iniis
1329 469 1664 539 montium
1679 461 1975 565 partibus
1998 515 2018 547 ,
2043 485 2190 559 quae
2207 457 2361 530 Sole
2381 460 2589 555 magis
2612 452 3031 529 incalescunt.·

698 615 728 661 1
750 610 906 660 202.
961 584 1182 673 ltaque
1202 566 1531 642 nobiliora
1546 563 1806 637 metalla
1822 608 1843 643 ‚
1878 585 1948 633 ut
1968 558 2304 662 &lapides
2319 553 2584 658 pretiosi
2609 609 2631 641 ,
2650 582 2750 629 ex.
2764 582 2857 657 gr.
2878 556 3035 627 ada-

602 713 742 762 mas
764 738 783 768 ,
808 689 871 751 in
913 672 1312 778 regionibus*
1329 666 1580 739 tantum
1611 663 1831 738 calidis
1864 664 2502 761 reperiuntur‚‘quia
2520 658 2694 756 prius
2712 658 2917 754 quarn
2947 654 3034 727 ad

604 782 924 887 ejusmodi
942 784 1287 879 puritatem
1310 772 1371 871 §.
1388 772 1554 864 798.
1590 770 1856 837 materia
1874 762 2301 864 perducatur,
2328 754 2733 859 permultum
2755 762 3037 828 acl-ionis

609 899 680 963 &
709 907 929 956 motus
947 879 1314 974 requiritur,
2168 878 2173 883 ·

704 1011 744 1058 ·1
764 1010 849 1056 20
870 1012 925 1071 3.
976 977 1302 1075 Quivis
1334 991 1553 1040 autem
1573 966 1684 1038 ista
1707 970 1958 1053 ratione
1982 987 2207 1035 aurum
2228 964 2397 1035 inter
2412 957 2674 1033 metalla
2692 955 2772 1028 fit
2791 959 3044 1057 pretio·

608 1085 917 1160 fiffimum
934 1132 955 1165 ,
996 1090 1223 1148 Ferrum
1246 1094 1462 1144 tamen
1485 1068 1638 1141 cum
1657 1065 1729 1138 sit
1750 1065 2024 1137 maxime
2045 1061 2322 1160 vulgaris
2338 1061 2478 1134 usus
2498 1065 2666 1131 inter
2689 1057 2998 1128 homines
3014 1108 3044 1139 ‚

619 1198 692 1263 δε
714 1210 845 1287 prae
867 1179 1114 1253 caeteris
1130 1168 1518 1273 corporibus
1536 1169 1570 1243 ἳι
1591 1193 1697 1238 ma
1748 1190 1893 1238 nete
1917 1161 2236 1234 afficiatur
2259 1166 2291 1249 ,‘
2317 1169 2385 1234 in
2402 1162 2523 1233 hac
2536 1166 2825 1258 epitome
2847 1202 2871 1234 ,
2901 1180 3051 1254 qua:

618 1280 1045 1387 magisobvia
1065 1285 1130 1348 δι’
1156 1274 1540 1345 communia
1559 1196 1958 1369 persgquitut
1977 1318 1998 1348 ,
2019 1262 2240 1364 potius
2260 1263 2709 1362 attingendum
2727 1259 2840 1329 est.

572 1392 577 1396 ’
733 1414 758 1459 1
777 1407 939 1478 204.
957 1376 1180 1452 Primo
1205 1371 1454 1444 nullum
1476 1367 1813 1440 metallum
1835 1363 2070 1461 absque
2093 1369 2258 1463 ignis
2278 1358 2684 1435 adminiculo
2708 1382 2848 1430 tam
2876 1356 3053 1431 diffi-

624 1487 830 1561 culter
869 1476 1109 1552 malleo
1143 1476 1445 1546 flectitur.
1490 1496 1553 1541 2.
1575 1469 1824 1541 nullum
1864 1464 2034 1565 adeo
2063 1462 2419 1536 difficulter
2455 1471 2600 1562 igne
2636 1456 2948 1556 liquescit.
2996 1485 3059 1549 3.

630 1614 752 1660 nec
774 1580 977 1655 ullum
998 1602 1133 1650 tam
1155 1575 1390 1646 durum
1410 1570 1536 1641 fine
1561 1571 1823 1641 alterius
1840 1567 2143 1664 corporis·
2161 1567 2421 1636 mistura
2443 1558 2631 1633 reddi
2655 1563 2874 1661 potest
2892 1604 2917 1637 2
2945 1585 3059 1631 vc-

632 1689 751 1760 luti
770 1707 920 1754 cum
938 1675 1187 1751 fusione
1210 1674 1284 1746 fit
1300 1670 1579 1761 chalybs·

744 1812 771 1861 r
791 1805 953 1876 205.
1008 1785 1179 1870 Quae
1201 1768 1581 1845 triaindicio
1606 1763 1770 1849 sunt,
1792 1771 1930 1859 ejus
1949 1787 2239 1835 ramenta
2258 1770 2323 1844 §.
2354 1789 2380 1836 1
2406 1789 2430 1834 1
2448 1766 2564 1851 98.
2590 1766 2792 1862 magis
2814 1757 3064 1832 ramosa

634 1885 766 1961 five
796 1874 1101 1980 angulosa
1133 1872 1254 1946 esse
1272 1868 1471 1970 quam
1489 1889 1870 1938 exterorum
1889 1862 2306 1935 metallorum
2322 1915 2343 1942 ‚
2374 1886 2571 1961 atque
2593 1862 2747 1933 ideo
2762 1860 2881 1933 fibi
2899 1865 3071 1934 invi-

638 2012 785 2059 cem
810 1981 1057 2051 firmius
1080 1976 1354 2044 annecti.

751 2109 780 2155 1
801 2108 833 2151 2
845 2075 980 2149 06.'
998 2078 1354 2168 Utcunque
1376 2091 1592 2138 autem
1609 2071 1872 2136 Ferrum
1889 2065 2025 2137 aliis
2041 2063 2314 2136 metallis
2334 2060 2553 2135 durius
2569 2075 2639 2139 &
2662 2069 2875 2136 minus
2889 2056 3067 2132 fusile

642 2174 1176 2283 deprehenditur,
1193 2173 1282 2243 est
1300 2193 1520 2243 tamen
1538 2192 1612 2238 ex
1627 2168 1894 2238 minime
1912 2162 2395 2266 ponderos18,&
2410 2160 2597 2237 facile
2614 2164 2907 2266 rubigine
2925 2183 3069 2234 cor-

647 2284 972 2379 rumpitur
990 2323 1011 2358 ‚
1049 2297 1161 2345 aut
1182 2277 1365 2371 aquis
1385 2266 1665 2340 fortibus
1683 2265 2004 2342 eroditur.

757 2408 784 2454 ι
799 2405 959 2475 207.
1016 2383 1187 2469 Quae
1210 2376 1433 2445 onmia
1450 2368 1694 2441 docent
1713 2421 1735 2452 ,
1753 2375 1891 2463 ejus
1906 2361 2246 2466 particulas
2265 2390 2402 2437 non
2419 2363 2542 2436 «sse
2557 2368 2830 2438 aliorum
2853 2359 3080 2435 metal-

649 2487 870 2556 lorum
893 2474 1234 2584 particulis
1263 2472 1626 2554 solidiores,
1661 2474 1757 2540 uti
1780 2466 1917 2540 sunt
1935 2462 2268 2538 crassiores
2286 2498 2306 2554 3
2343 2463 2452 2538 se'd
2473 2468 2714 2540 multos
2734 2469 3082 2537 iniismea·

651 2608 757 2657 tus
776 2601 1124 2654 contineri.

759 2711 787 2756 1
807 2683 970 2758 208.
1021 2675 1251 2776 thue
1280 2671 1362 2745 de
1392 2673 1644 2765 rubigine
1672 2665 1944 2741 verbum
1975 2664 2291 2741 addamus
2324 2713 2345 2748 ‚
2398 2695 2478 2739 ea
2504 2665 2794 2737 constare
2827 2661 3083 2734 videtur

658 2778 1181 2857 exhalationibus
1203 2802 1279 2846 ac
1301 2770 1623 2874 spiritibus
1652 2769 1755 2841 vel
1779 2766 2071 2869 partibus
2099 2765 2491 2868 sulphureis»,
2519 2794 2664 2864 quae
2688 2791 2763 2837 ex
2778 2765 3084 2836 ramentis

641 2881 808 2955 ferri
825 2875 1239 2953 efflorescunt
1252 2871 1510 2968 ejusque
1527 2894 1868 2942 meatuum
1890 2868 2138 2938 orificia
2154 2867 2541 2940 occludunt.

769 3007 796 3051 r
815 3004 978 3071 209.
1030 2976 1181 3066 Ejus
1200 2975 1388 3041 initia
1406 2968 1547 3039 fimt
1567 2975 1727 3040 aeris
1742 2966 2096 3038 humiditas
2118 2975 2187 3039 &
2206 2966 2378 3040 snus.
2433 2962 2575 3040 usu
2594 2967 2751 3037 vero
2775 2986 2969 3061 atque
2988 2986 3089 3033 at-

661 3086 849 3164 tritu,
885 3083 1045 3147 item
1068 3072 1452 3142 inunstione
1468 3066 1600 3138 olei
1627 3064 1878 3138 tollitur
1895 3089 2006 3136 aut
2020 3092 2439 3164 praecavetur.

768 3205 798 3250 1
820 3204 853 3248 2
873 3203 895 3247 1
912 3204 980 3246 o.
1004 3171 1238 3273 Qalis
1252 3193 1474 3240 autem
1491 3167 1660 3238 ratio
1680 3166 1772 3236 est
1786 3169 2104 3264 aeruginis,
2122 3191 2316 3264 atque
2331 3161 2866 3264 rubiginis,talem
2885 3165 3088 3234 etiam

664 3272 1165 3384 propemodum
1194 3268 1316 3342 effe
1356 3263 1676 3369 cogitabis
1700 3269 1962 3336 mucoris.
2017 3269 2123 3335 Sic
2143 3274 2358 3363 panis,
2391 3267 2811 3342 vestimenta,
2845 3259 3095 3335 fructus

672 3375 946 3480 quidam
965 3425 986 3454 ,
1018 3397 1173 3443 caro
1191 3369 1444 3467 aliaque
1468 3366 1536 3439 id
1556 3392 1765 3467 genus
1779 3361 2175 3434 mucescunt.
2238 3384 2241 3387 ’

755 3658 869 3733 ,Qui
914 3655 1143 3711 latiarem
1193 3649 1557 3724 Principiorum
1604 3640 1918 3718 Pbffleorum
1964 3641 2341 3716 explicationem
2393 3639 2635 3716 desiderat
2686 3684 2703 3712 ‚
2755 3648 2811 3701 in
2847 3647 3105 3719 adjuvan}

673 3737 742 3805 X
761 3738 824 3804 X
843 3729 909 3799 X
929 3732 985 3799 V
1031 3729 1462 3810 Disputais'onibus
1489 3748 1602 3784 eam
1643 3731 1889 3783 inveniet.
1918 3727 2177 3782 'Auernus
2194 3726 2394 3781 {merim
2410 3729 2578 3782 &aar
2592 3711 2621 3790 ,ἵ
2640 3728 2933 3788 meditando
2945 3745 3104 3808 aeque

655 3826 784 3908 tagulia
801 3842 919 3881 cum
950 3819 1063 3877 aliis
1097 3815 1379 3890 conferendo
1398 3855 1415 3880 ,
1439 3812 1516 3868 Ph
1531 3810 1644 3887 fica
1674 3815 1951 3869 Comrasta
1965 3807 2570 3885 demonstrationibussm'ae
2587 3808 2796 3878 minim?
2807 3830 2975 3868 came
2987 3815 3104 3870 ani.

617 3947 622 3956 .
675 3911 986 3967 madvertet,
1005 3902 1129 3980 Qu
1140 3915 1367 3975 patena
1381 3902 1436 3952 in
1455 3904 1493 3952 P
1529 3894 1758 3977 ilofiphiae
1778 3893 2025 3950 Naturali
2042 3891 2133 3948 vel
2148 3890 2374 3949 maxim>
2393 3896 2500 3973 quis
2525 3895 2755 3971 requirat
2773 3932 2789 3960 ,
2805 3914 2871 3950 ex
2883 3891 3112 3957 Theo-

669 3989 759 4068 gia
770 3986 1126 4074 Corporum
1150 3978 1512 4048 viventium
1518 3981 1758 4061 secutura
1770 3992 1936 4057 petere
1950 3977 2116 4038 liceat.

2897 4082 2968 4154 D
2988 4083 3115 4158 is-
