3391 4418
964 170 1022 253 P
1088 198 1148 253 H
1215 197 1269 251 Y
1338 194 1379 251 a
1447 197 1479 251 1·
1546 198 1592 253 c
1661 198 1719 253 A
1841 174 2131 265 VHL
2605 200 2755 284 ¹17

327 286 485 361 dem
529 281 691 357 illud
731 308 869 356 non
909 281 1240 356 extensum
1281 289 1685 384 cogitavero,
1737 289 1836 358 Ac
1872 286 2154 387 proinde
2179 285 2465 359 extensio
2485 309 2627 359 non
2643 314 2765 389 per

300 390 714 488 figmentum
759 382 1121 457 intellectus
1155 386 1351 456 nostri
1386 387 1616 485 Spatio
1648 385 1991 472 tribuitur,
2029 385 2135 459 sed
2173 413 2318 459 vera
2351 385 2516 458 illius
2554 388 2646 459 est
2685 388 2757 461 δ’(

323 484 741 557 immutabilis
758 509 982 556 natura
999 531 1022 562 ‚
1048 485 1407 584 eademque
1428 483 1683 585 prorsus
1708 488 1798 557 est
1812 511 2034 558 natura
2057 494 2359 590 eorporis
2379 539 2399 571 ,
2420 485 2620 559 veluti
2639 484 2760 558 ab-

324 586 501 659 unde
522 587 611 657 est
630 584 968 658 ostensum.
993 583 1124 658 Sed
1150 584 1450 658 homines
1473 585 1566 657 ob
1585 610 1967 686 perpetuam
1994 594 2161 661 circa
2184 613 2259 660 ea
2283 613 2429 685 quat
2449 610 2587 658 non
2608 585 2752 661 sunt

321 691 560 759 mentis
607 690 1028 787 agitationem
1056 686 1224 757 adeo
1239 688 1382 760 sunt
1405 686 1735 787 figmentis
1748 686 1961 759 affiteti
1982 742 2003 773 ‚
2041 713 2266 761 utnon
2286 688 2431 760 raro
2448 691 2645 759 etiam
2670 713 2751 760 ea

324 788 648 889 figmentis
671 783 787 858 suis
801 781 1179 859 accenseant
1201 832 1221 867 ‚
1255 813 1398 884 quae
1413 813 1559 858 vera
1575 790 1719 858 sunt
1740 795 1809 859 &
1829 786 2019 859 realia
2038 833 2065 866 ‚
2092 787 2251 862 sicut
2269 787 2356 860 illi
2371 793 2486 886 qui
2504 785 2746 860 crebro

318 886 634 959 somniare
648 882 857 959 solent
878 933 901 964 ,
923 884 1257 957 interdum
1281 893 1476 957 etiam
1493 885 1684 986 quod
1705 886 2043 987 vigilantes
2061 895 2354 990 cogitant
2368 882 2743 965 ,somnium
2828 888 2835 897 ’

317 985 436 1059 effe
460 984 576 1057 fibi
599 983 1008 1088 persuadent.

405 1115 477 1185 4.
526 1093 631 1160 An
651 1096 809 1186 ergo
829 1082 1008 1156 nulla
1029 1081 1220 1181 plane
1234 1086 1631 1179 interspatium
1645 1088 1721 1164 (θ’
1735 1108 1918 1182 corpus
1934 1090 2253 1186 diffitemia
2280 1094 2314 1157 ?
2342 1082 2543 1185 Resp.
2583 1091 2655 1155 In
2672 1112 2739 1158 re

313 1189 486 1260 certe
526 1187 742 1271 nulla,
773 1181 882 1253 sed
917 1186 976 1251 in
1004 1185 1162 1251 modo
1195 1182 1419 1251 tantiam
1451 1189 1816 1277 concipiendi.
1882 1190 2063 1258 Nam
2092 1180 2531 1258 extensionem
2559 1180 2749 1282 spatii

310 1284 834 1362 consideramus,
862 1305 936 1352 ut
969 1282 1396 1351 communem
1432 1289 1503 1350 δε
1523 1288 1890 1378 generieam
1916 1338 1937 1368 ,
1964 1282 2403 1356 extensionem
2416 1282 2573 1354 vero
2594 1306 2752 1353 cor-

311 1391 502 1485 poris
523 1427 546 1461 ‚
586 1379 775 1479 quod
813 1388 882 1451 in
909 1375 950 1447 s
980 1383 1118 1449 atio
1131 1375 1252 1447 effe
1275 1378 1552 1447 dicimus
1575 1422 1596 1454 ‚
1632 1378 1991 1476 spestamus
2008 1407 2078 1452 ut
2093 1380 2552 1479 singularem&
2574 1378 2746 1451 indi-

316 1482 616 1556 viduam:
652 1506 706 1550 v.
726 1506 790 1580 g.
825 1476 939 1551 sub
968 1501 1080 1547 ato
1112 1473 1326 1573 lapide
1361 1474 1397 1545 ὲ
1430 1473 1633 1574 spatio
1673 1475 1775 1547 vel
1806 1477 1963 1549 loco
1994 1486 2058 1549 in
2093 1505 2230 1576 quo
2266 1480 2355 1549 est
2375 1523 2400 1556 a
2489 1502 2744 1551 utamus

321 1586 525 1651 etiam
549 1587 688 1676 ejus
708 1573 1144 1649 extensionem
1166 1573 1287 1646 esse
1307 1572 1618 1647 sublatam
1637 1630 1658 1661 ‚
1691 1599 1922 1675 utpote
1948 1603 2146 1678 quam
2171 1601 2242 1650 ut
2262 1506 2645 1680 singularem
2669 1586 2742 1650 δε

303 1678 411 1752 'ab
444 1674 585 1778 ipso
614 1674 1103 1775 inseparabilem
1140 1671 1534 1775 speetamus3
1570 1671 1678 1746 sed
1713 1679 1972 1751 interim
2010 1675 2450 1751 extensionem
2473 1678 2644 1766 loci,
2672 1683 2741 1749 in

317 1806 463 1878 quo
483 1800 618 1850 erat
636 1778 832 1880 lapis,
862 1801 1192 1849 remanere
1212 1772 1638 1854 arbitramur,
1671 1777 2081 1879 eandemque
2098 1777 2221 1851 effi:
2249 1832 2270 1864 ‚
2296 1786 2739 1880 quamvisjam

308 1881 424 1953 ille
443 1879 632 1950 locus
648 1877 883 1979 lapidis
898 1876 934 1973 a
951 1875 1132 1976 ligno
1155 1928 1174 1959 ,
1203 1874 1303 1947 vel
1321 1884 1463 1946 ae're
1482 1919 1507 1952 a
1530 1873 1631 1946 vel
1646 1874 1777 1948 alio
1795 1887 2029 1977 quovis
2047 1905 2509 1979 corporeoccu
2559 1904 2734 1952 etur:

309 1984 470 2078 quia
490 1975 600 2049 hic
613 1976 894 2051 extensio
911 1972 1424 2048 consideraturin
1441 1999 1679 2076 genere
1694 2021 1719 2053 ‚
1746 1979 2163 2078 censeturque
2184 1979 2416 2052 eadem
2434 1906 2555 2052 essi}
2575 1979 2740 2080 lapi-

307 2079 411 2151 dis
428 2132 447 2163 ,
466 2079 622 2179 ligni
643 2132 664 2165 ,
678 2084 840 2151 a’e’ris
860 2132 881 2163 ,
903 2075 1243 2150 alteriusve
1263 2080 1562 2176 corporis
1575 2076 1989 2161 ,dummodo
2006 2079 2082 2152 fit
2100 2077 2386 2173 ejusdem
2407 2084 2738 2181 magnitu-

291 2178 478 2252 <dinis
499 2186 562 2251 δι
585 2177 806 2280 figurae
823 2232 846 2266 ,
881 2174 1218 2276 servetque
1242 2176 1533 2251 eundem
1548 2175 1735 2250 situm
1764 2184 1934 2252 inter
1952 2207 2235 2281 corpora
2261 2207 2521 2254 externa
2536 2237 2557 2270 ,
2594 2184 2737 2279 q'uae

305 2277 579 2382 spat-ium
598 2278 756 2351 illud
779 2281 1235 2352 determinant.

415 2406 476 2473 5.
540 2383 765 2475 Qre
800 2375 1042 2450 eadem'
1063 2378 1154 2449 est
1179 2373 1461 2452 extensio
1483 2436 1503 2465 ,
1542 2409 1688 2480 quae
1706 2406 2000 2458 naturam
2022 2392 2322 2486 corporis
2344 2395 2414 2459 &
2433 2405 2737 2457 naturam

305 2475 496 2577 spatii
536 2477 869 2549 constituit
890 2530 912 2561 ,
953 2503 1074 2547 nec
1101 2481 1310 2576 magis
1339 2477 1479 2550 haec
1508 2481 1649 2553 duo
1685 2485 1860 2574 (duo
1895 2492 2166 2580 inquam
2188 2538 2210 2568 ‚
2244 2481 2534 2582 respeCku
2549 2469 2741 2550 men*-

307 2585 393 2650 tis
426 2575 809 2675 distinguere
828 2602 906 2646 ea
929 2573 1242 2666 volentis)
1283 2575 1320 2643 a
1345 2574 1400 2648 se
1427 2583 1658 2650 mutuo
1688 2580 1996 2651 differunt
2016 2634 2036 2663 ,
2071 2580 2273 2682 quam
2292 2603 2520 2649 natura
2539 2602 2739 2674 gene-3

302 2678 397 2751 'ris
430 2701 542 2748 aut
575 2671 805 2776 speciei
844 2671 1060 2746 differt
1093 2672 1130 2742 εὶ
1154 2697 1378 2743 natura
1399 2669 1751 2761 individui,
1792 2700 2249 2776 ex.gt.natura
2270 2679 2419 2772 equi
2448 2677 2735 2748 anatura

263 2865 268 2870 Α
302 2774 688 2878 Bucephali.
706 2780 788 2848 Et
802 2770 1374 2875 quemadmodum
1397 2797 1611 2846 totum
1630 2774 1866 2847 dicitur
1887 2780 2225 2850 continere
2246 2798 2482 2875 parteS,
2498 2781 2564 2848 &
2583 2797 2739 2873 par·

238 2919 249 2930 ·
303 2901 405 2952 tes
440 2902 676 2952 omnes
712 2878 1086 2975 coujunfiae
1126 2870 1430 2948 dicuntur
1464 2877 1585 2947 effe
1623 2881 1688 2946 in
1723 2899 1908 2958 toto,
1939 2876 2052 2950 etsi
2080 2899 2300 2950 totum
2326 2884 2630 2977 &partes
2652 2891 2736 2946 o-

291 3002 502 3056 annes
533 2975 721 3051 simul
751 2978 988 3070 junstae
1024 2997 1227 3045 unum
1267 2982 1334 3045 δι
1362 2972 1676 3066 idemsint
1714 2977 2327 3075 (quemadmodum
2352 2975 2636 3048 mundus
2658 2973 2734 3048 86

301 3082 540 3152 omnia
564 3105 707 3178 quae
738 3074 878 3149 sunt
914 3081 979 3146 in
1000 3071 1255 3145 mundo
1278 3076 1486 3147 verbo
1507 3076 1775 3175 quidem
1795 3076 2075 3157 diversa,
2117 3106 2186 3151 re
2213 3079 2370 3151 vexo
2395 3075 2528 3177 ipsa
2545 3073 2730 3147 idern

297 3174 499 3273 sunt)
529 3183 618 3250 ita
698 3181 946 3252 uamvis
977 3173 1250 3275 spatium
1286 3173 1535 3250 dicatur
1564 3185 1905 3251 continere
1946 3204 2222 3278 eorpus,
2261 3181 2330 3251 δε
2349 3202 2588 3279 corpus
2605 3172 2730 3250 effe

301 3277 639 3352 dicaturin
680 3283 862 3379 patio
881 3330 902 3361 ,
933 3300 1067 3347 non
1087 3300 1308 3348 tamen
1324 3274 1572 3349 ideirco
1592 3274 1869 3375 spatium
1886 3287 1951 3352 &
1976 3304 2211 3378 corpus
2230 3304 2451 3350 revera
2468 3270 2727 3349 differre

301 3380 611 3454 constans
630 3383 908 3451 veritatis
923 3374 1076 3450 inda
1125 3401 1270 3450 ator
1287 3374 1673 3448 existimabit
1689 3430 1714 3465 ‚
1741 3403 1958 3475 neque
1978 3377 2347 3478 &loquendi
2364 3375 2477 3451 usu
2500 3432 2521 3464 ,
2549 3386 2730 3474 cujus

204 3494 207 3497 ’
297 3488 321 3555 i
372 3484 690 3577 notantia}
721 3474 1006 3550 tenebris
1046 3502 1089 3549 0
1142 3474 1395 3580 septum
1435 3475 1662 3577 vulgus
1688 3485 1970 3551 autor&
1994 3461 2437 3581 dagisteum
2474 3481 2739 3577 imponi

298 3510 423 3654 sigbi
446 3582 752 3681 patietur.
2561 3601 2569 3607 ’

407 3685 480 3754 6.
534 3673 1010 3779 Burgersdicius
1031 3673 1333 3772 Metaph.
1366 3672 1486 3746 lib.
1515 3701 1573 3744 1·-
1608 3700 1754 3777 cap.
1778 3704 1812 3749 2
1828 3703 1856 3748 ι
1872 3728 1890 3748 .
1922 3679 2223 3775 quamvis
2241 3676 2326 3750 de
2342 3680 2571 3778 spatio
2590 3702 2737 3749 non.

213 3815 218 3818 ·
297 3775 810 3883 philosophetur
859 3799 935 3847 ut
970 3798 1236 3876 oportet
1260 3819 1283 3850 ‚
1317 3800 1470 3845 meo
1507 3774 1789 3871 quidem'
1812 3776 2102 3871 jndici03
2136 3775 2272 3849 haec
2308 3802 2530 3852 tamen
2557 3779 2660 3848 th.
2687 3803 2731 3871 5·

295 3903 452 3980 ‘que
472 3873 763 3983 profert,
800 3875 1103 3949 illustrare
1126 3876 1342 3949 valent
1360 3900 1501 3945 eam
1525 3927 1546 3958 ,
1566 3899 1764 3970 quam
1777 3875 1991 3950 modo
2011 3879 2276 3966 institui',
2291 3881 2734 3996 comparatio-

293 4006 459 4055 nem
478 4037 497 4058 .
549 3977 819 4079 Spatium
837 4030 862 4066 ,
893 3981 1146 4078 inquit,
1174 3982 1297 4047 'rem
1314 3977 1564 4071 locarant
1579 3976 1861 4152 contli‘net,
1878 3979 2000 4051 'nou
2017 3980 2243 4074 quidem
2257 3973 2493 4073 pofiiive
2507 4024 2529 4054 ,
2563 3994 2738 4062 arque

561 4127 569 4134 .
929 4116 933 4122 -
977 4123 986 4130 .
1045 4121 1048 4124 -
1132 4115 1137 4122 ·
1475 4113 1478 4116 ·
1798 4101 1844 4171 3
2646 4081 2748 4139 'il
