3391 4418
566 145 737 201 220
1097 183 1106 195 .
1188 116 1717 214 ,D1s.1›„u
1778 132 2380 204 ·1·1A„·r‚1.o‘.
2819 198 2824 202 ,

568 225 1208 330 comprehendentes
1235 281 1256 314 ,
1289 253 1502 326 neque
1523 233 1694 300 tertii
1717 233 1968 327 generis
1989 253 2226 329 corpus
2243 281 2268 316 ,
2291 224 2401 300 seu
2424 220 2717 297 medium
2739 233 2994 324 perne-

564 334 914 431 gationem
948 324 1271 426 utriusque
1307 335 1574 399 extremi
1599 326 1802 399 ullum
1822 326 2273 405 admittentes,
2311 341 2710 426 qu'aecunque
2727 322 2997 417 Physica

570 427 892 529 ¹generalis
915 453 1224 524 tanquam
1246 426 1458 499 fluidis
1473 423 1780 498 omnibus
1799 432 2179 502 communia
2190 422 2556 527 proposuit,
2575 422 2994 497 Caelisetiam

571 525 1014 600 attribuimus.
1040 528 1308 624 Nempe
1325 550 1539 626 partes
1558 523 1803 597 habent
1816 530 2068 623 exiguas
2087 532 2154 595 in
2177 533 2357 597 vario
2374 523 2990 610 motu-constitutas,

585 652 783 724 atque
816 625 969 697 ideo
1005 651 1140 696 non
1163 623 1449 697 relistuut
1465 624 1740 696 aliorum
1758 649 2118 722 corporum
2139 622 2470 708 motibus3
2509 647 2798 722 cumque
2818 619 2992 723 ipso-

585 753 730 797 rum
748 750 965 796 motus
979 730 1045 795 in
1062 751 1252 796 unam
1269 723 1552 822 aliquam
1566 723 2299 824 partemdeterrninatus
2313 722 2628 821 est,ex.gt.
2640 729 2707 794 in
2726 720 2994 820 orbem,

574 821 929 896 -necessario
961 820 1173 895 secum
1197 820 1498 895 deferunt
1520 830 1746 895 omnia
1766 848 2048 921 corpora
2067 828 2136 892 in
2161 821 2220 894 se
2238 843 2581 904 contenta,
2628 847 2991 920 quantum-

589 930 682 997 vis
717 925 879 995 dura
900 949 976 994 ac
998 921 1199 995 solida
1221 978 1241 1008 ,
1275 923 1651 996 dummodo
1674 922 1908 995 dinulla
1930 918 2115 993 causa
2135 947 2395 995 externa
2416 919 2551 991 haec
2565 926 2990 993 retineantur.

580 1055 591 1084 ε
691 1037 759 1095 6.
814 1022 1396 1120 Ideoqueminime
1415 1022 1631 1122 placet
1653 1048 1885 1095 eorum
1904 1027 2138 1121 opinio
2155 1073 2177 1108 ‚
2198 1027 2308 1120 qui
2327 1044 2558 1118 putant
2571 1020 2825 1092 Caelum
2842 1023 2997 1116 qui-

579 1121 745 1195 dem
764 1121 1057 1195 motibus
1078 1123 1358 1195 aliorum
1375 1149 1730 1223 corporum
1749 1118 2202 1202 nonrefistete,
2220 1144 2508 1192 attamen
2529 1135 2827 1220 praeterea
2843 1116 3000 1188 nul-
3033 1189 3044 1198 ἱ

578 1222 718 1294 lam
740 1221 980 1292 habere
1004 1226 1143 1294 vim
1157 1223 1241 1293 ad
1259 1220 1398 1322 ipsa
1416 1221 1625 1295 secum
1649 1219 2026 1296 deferenda.
2046 1224 2158 1305 At,
2176 1226 2411 1319 inquis,
2436 1219 2688 1293 Caelum
2703 1215 2993 1298 contuli:-

572 1348 736 1396 ,mus
752 1349 903 1394 cum
924 1328 1103 1400 aere,
1130 1329 1237 1393 ae'r
1258 1324 1724 1422 verocotpora
1737 1319 1942 1393 solida
1955 1316 2207 1398 deferre
2225 1317 2442 1394 secum
2464 1345 2599 1392 non
2615 1314 2809 1405 solet,
2829 1340 2989 1388 cum

580 1430 815 1494 omnia
836 1428 907 1493 vi.
919 1426 1243 1522 gravitatis
1262 1420 1563 1495 deorsum
1593 1421 1677 1493 ad
1692 1444 1930 1494 terram
1953 1416 2261 1491 ferantur.
2316 1416 2532 1517 Resp„
2553 1423 2712 1490 Hoc
2732 1412 2869 1518 ipso
2895 1438 2996 1487 ta-

582 1548 740 1599 men
772 1522 1070 1620 exemplo
1091 1521 1411 1594 docemur
1431 1575 1453 1607 ,
1491 1521 1752 1597 Caelum
1772 1574 1794 1607 ,
1830 1519 1989 1594 dum
2005 1526 2376 1618 circumqua
2431 1544 2509 1611 ue
2526 1541 2763 1589 terram
2781 1512 2992 1587 ambit

582 1646 780 1719 atque
802 1628 1028 1693 omnia
1054 1623 1363 1693 terrestria
1380 1622 1566 1719 aeque
1593 1619 1770 1719 apud
1792 1619 2137 1719 antipodes
2161 1644 2236 1690 ac
2260 1645 2390 1718 apu
2457 1644 2579 1690 nos
2598 1671 2620 1702 ‚
2654 1627 2724 1690 δε
2739 1614 2989 1714 ubique

440 1767 443 1774 ·
524 1789 537 1794 i
584 1717 796 1793 versus
831 1746 1128 1794 centrum
1158 1729 1294 1818 ejus
1327 1718 1707 1819 compellit,
1740 1723 2014 1792 Terram
2047 1717 2374 1803 sustinere,
2406 1743 2489 1788 ne
2511 1716 2732 1789 cadat.
2783 1713 3001 1790 Unde

584 1816 907 1918 sequitur,
954 1819 1271 1917 liquidem
1312 1816 1443 1889 hoe
1480 1819 1740 1891 Caelum
1758 1872 1779 1903 ‚
1806 1817 1990 1915 quod
2016 1842 2248 1890 terram
2270 1824 2358 1890 ita
2379 1822 2583 1919 cingit
2605 1839 2952 1907 moveatur
2969 1868 2994 1902 ‚

582 1945 729 1990 mon
762 1920 941 2018 poffi:
979 1942 1115 1989 non
1151 1920 1422 1992 Terram
1457 1913 1541 1986 ab
1578 1944 1663 1987 eo
1687 1913 1920 1988 deferri
1956 1941 2151 2015 atque
2172 1924 2520 2006 immotam
2537 1924 2673 2013 ejus
2696 1912 2995 1989 motibus

582 2015 894 2113 obsequi.
945 2021 1050 2089 Sic
1078 2020 1269 2100 navis·
1295 2013 1485 2086 nullis
1518 2021 1725 2088 ventis
1744 2040 1855 2089 aut
1869 2021 2063 2088 remis
2077 2017 2346 2117 impulsa
2366 2013 2675 2114 nullisque
2690 2016 2996 2088 anchoris

582 2114 849 2216 alligata
887 2126 919 2202 (
935 2140 1077 2213 quae
1112 2137 1290 2185 tertae
1311 2111 1497 2188 nullis
1514 2115 1835 2188 columnis
1853 2112 2121 2200 suffultae
2136 2115 2446 2216 nullisque
2467 2109 2726 2189 funibus
2743 2115 2997 2217 appeti]-

590 2216 665 2288 ίέε
683 2269 705 2301 ,
739 2214 847 2287 sed
870 2211 1250 2287 fluidiffimo
1274 2211 1481 2286 solum
1508 2216 1666 2291 caelo
1690 2217 2111 2315 undiquaque
2131 2223 2354 2291 cinCiae
2370 2215 2634 2307 similis)
2671 2225 2746 2311 in*
2759 2214 2991 2291 medio

593 2320 757 2388 mari
794 2313 1111 2414 quiescit,
1126 2312 1239 2385 etfi
1264 2310 1434 2386 forte
1457 2342 1639 2414 aquae
1657 2322 1882 2415 ingens
1906 2316 2116 2400 moles
2139 2318 2407 2393 occulto
2428 2312 2989 2390 &insensilicursu

584 2414 902 2491 'delabens
936 2413 1135 2517 ipsam
1167 2411 1381 2487 secum
1415 2415 1601 2488 ferat.
1651 2420 1956 2513 Denique
1995 2419 2075 2487 ad
2097 2415 2506 2517 propositam
2525 2415 2988 2514 objestionem

589 2515 993 2619 respondeo,
1035 2516 1302 2587 minime
1323 2512 1710 2590 bonameffe
1731 2514 2259 2614 consequentiam
2277 2516 2443 2609 hanc
2458 2513 2539 2601 ,fi
2559 2518 2814 2613 Caelum
2835 2520 2992 2616 parn-

588 2646 687 2695 tes
700 2644 877 2692 tertae
898 2616 936 2690 εὶ
954 2614 1067 2691 suo
1087 2641 1237 2689 toto
1255 2613 1569 2708 sejunetas
1584 2642 1661 2687 ac
1681 2614 1994 2716 separatas
2010 2628 2147 2690 non
2167 2614 2377 2690 defert
2399 2671 2421 2702 ‚
2461 2636 2620 2717 ergo
2640 2604 2761 2689 nec
2778 2611 2990 2717 defert

586 2721 804 2794 secum
823 2726 1138 2818 integram
1159 2740 1393 2789 terram
1418 2714 1776 2813 omnesque
1798 2743 2010 2817 partes
2029 2725 2086 2788 ei
2110 2722 2493 2813 conjunctas
2510 2727 2578 2791 δε
2600 2717 2677 2788 ad
2698 2740 2846 2797 eam
2866 2713 2987 2787 de-

591 2806 813 2894 trusas:
831 2880 838 2897 .
854 2826 1081 2909 Quam
1102 2818 1258 2887 vero
1282 2818 1611 2887 astionem
1638 2818 1850 2886 Caium
1868 2870 1889 2901 ‚
1912 2842 2052 2913 quo
2073 2823 2340 2891 nomine
2361 2822 2432 2888 in
2448 2812 2776 2918 praesentia
2794 2825 2857 2890 δε
2883 2820 2996 2885 A‘e‘-

585 2912 1405 3011 rem'complec'tormtpote
1423 2923 1602 3010 cujus
1614 2916 1866 3013 partem
1884 2916 2140 2991 caelestis
2152 2924 2416 2990 materia
2432 2910 2766 3017 potiorem
2781 2914 2991 2998 facit),

578 3019 704 3090 ista
726 3014 1060 3087 rationein
1078 3032 1311 3083 terram
1327 3034 1579 3084 exercet
1599 3064 1619 3098 ,
1661 3014 1940 3087 eandem
1955 3023 2022 3087 in
2041 3023 2475 3093 Cometarum
2491 3028 2558 3091 ὃ(
2575 3016 2992 3107 Planetarum

588 3138 875 3216 corpora
897 3135 1187 3189 exercete
1207 3112 1400 3182 valet.
2229 3199 2237 3210 .

582 3260 588 3265 -
688 3244 760 3313 7.
810 3209 941 3284 Sed
970 3212 1242 3283 maxime
1256 3220 1634 3311 quoqueim
1688 3212 2677 3296 robamuseorumstntentiam·,
2707 3211 2992 3315 quiCae-

586 3318 723 3389 lum
739 3311 1036 3415 proxime
1061 3309 1145 3381 ad
1172 3310 1557 3410 spiritualem
1582 3311 1647 3385 su
1702 3316 1994 3386 stantiam
2013 3314 2317 3388 accedere
2335 3315 2437 3387 vel
2461 3320 2867 3418 incorporeis
2884 3342 2987 3388 te-

572 3418 703 3490 ·bus
725 3407 1247 3515 cognatiffimum
1266 3410 1386 3484 effe
1404 3412 1777 3513 perhibent.
1832 3412 2154 3510 Equidem
2175 3412 2542 3509 hujusmodi
2556 3416 2858 3492 homines
2874 3442 2994 3489 ne-

542 3530 547 3534 '
581 3531 709 3614 que
743 3516 1036 3611 corporis
1066 3536 1275 3608 neque
1311 3511 1351 3581 s
1380 3518 1562 3587 iritus
1594 3507 1842 3585 clarum
1878 3512 2079 3583 ullum
2113 3517 2215 3586 vel
2237 3515 2608 3590 distinctum
2629 3524 2852 3592 animo
2880 3514 2989 3589 fo-

580 3639 729 3687 vere
748 3635 1142 3711 conceptum
1165 3666 1186 3697 ‚
1218 3539 1482 3685 evidens
1499 3615 1612 3692 est.
1676 3616 1856 3685 Nam
1883 3610 2201 3685 affirmate
2226 3618 2990 3713 Calinaturamincorpoieis

570 3715 729 3784 rebus
737 3714 1059 3806 proximam
1079 3766 1101 3797 ‚
1132 3715 1346 3784 Catum
1362 3717 1461 3784 vix
1480 3715 1719 3805 amplius
1737 3714 2036 3784 materiale
2055 3763 2079 3797 ‚
2093 3715 2192 3806 secl
2202 3718 2590 3810 propemodum
2605 3716 2991 3795 immateriale

570 3813 705 3907 effe,
742 3808 827 3883 sic
848 3815 1021 3883 enim
1042 3816 1337 3912 cogitant
1355 3813 1805 3911 &loquuntur
1822 3865 1845 3899 ,
1864 3809 2021 3881 nibil
2039 3812 2212 3885 aliud
2236 3816 2324 3886 est
2341 3815 2538 3912 quam
2561 3813 2809 3899 dicere,
2837 3820 2989 3890 Cae-

568 3910 725 4021 lim}
745 3917 844 3994 vix
864 3912 1136 4015 amplius
1161 3911 1437 4015 longum
1457 3968 1480 4006 ,
1517 3916 1828 4019 latum&
1844 3907 2253 4020 profundum
2271 3914 2437 4004 esse5
2470 3913 2580 3989 sed
2602 3938 2836 4015 parum
2861 3912 2987 3982 ab·

2815 4009 2985 4100 effe,
