3391 4418
1034 141 1774 230 ansre'a
1898 143 2019 231 11.
2420 232 2427 239 ,
2655 154 2758 257 ‘'9‘3

436 283 549 335 to.
596 253 713 333 Ad·
724 257 1014 329 creatoris
1030 255 1228 330 etiam
1248 252 1625 357 sapientiam
1648 312 1670 344 ,
1693 254 2059 331 bonitatem
2081 261 2538 360 &potentiam
2556 286 2765 363 agno-

332 355 645 431 scendam
658 355 887 430 eadem
908 355 1165 429 scientia
1187 355 1540 457 plurimum
1572 355 1877 432 confert..
1904 359 2062 433 Psal.
2090 368 2117 428 ἰ
2128 380 2203 448 9.
2254 362 2463 432 Rom.
2491 386 2553 433 1.
2575 388 2689 437 20.
2734 392 2739 397 ·

439 486 465 530 1
493 486 517 531 1
532 510 553 531 .
598 457 731 531 Sed
745 458 1096 558 praestantia
1112 464 1183 529 &
1193 459 1517 552 jucunditas
1537 459 1844 530 naturalis
1861 459 2166 558 Philosop
2175 457 2296 531 hiae
2316 465 2416 532 vix
2436 457 2580 533 satis
2595 486 2761 563 prae-
2828 458 2879 485 “

329 558 535 631 dicari
571 560 782 659 potest
808 586 824 629 t
863 559 1032 630 Non
1063 555 1173 628 illa
1196 554 1545 629 hominum
1569 585 1764 631 manu
1784 563 2180 634 constructas
2201 556 2537 633 machinas
2556 617 2574 644 ,
2609 587 2753 635 non

329 661 582 761 linguas
617 667 686 731 δε
717 658 1037 756 loquendi
1071 657 1315 729 modos
1335 661 1371 730 εὶ
1390 657 1534 731 rudi
1552 659 1812 759 populo
1834 661 2286 745 introductos
2325 657 2437 730 sed
2455 661 2750 735 Resasa-

325 755 723 860 pientissimo
749 757 1123 830 Conditore
1146 755 1347 830 factas
1363 759 1877 858 contemplatur.
1935 763 2103 834 Non
2123 785 2390 831 morum
2416 769 2486 832 &
2505 764 2748 836 rituum

326 870 400 934 &
424 885 598 959 vagae
624 855 1143 944 consuetudinis3
1174 856 1302 929 sed*
1322 861 1605 931 Naturae·
1628 865 1928 934 immotis
1966 860 2339 963 gubernatae
2362 856 2615 962 legibus
2643 889 2750 936 ar-

329 985 488 1032 cana
504 983 790 1031 rimatur.

422 1086 447 1132 1
467 1088 532 1132 2.
582 1063 1021 1155 Antiquitates
1035 1052 1318 1127 arrident
1343 1073 1370 1129 ἓ
1414 1054 1730 1132 habemus
1749 1057 1856 1132 hic
1881 1062 2105 1134 aeterni
2122 1061 2253 1129 Dei
2273 1078 2529 1127 externa
2549 1084 2752 1157 opera

318 1157 780 1271 antiquiffirna.
830 1157 1172 1225 Novitatis
1201 1181 1390 1225 amor
1413 1162 1678 1229 animos
1701 1177 1917 1231 tenet?
1952 1161 2363 1228 inveniemus
2400 1153 2747 1230 inscientia

319 1261 587 1353 Phynca
607 1255 767 1326 haut
790 1277 1025 1350 paucas
1045 1252 1081 1322 εὶ
1104 1251 1466 1348 majoribus
1485 1261 1812 1351 ignoratas
1836 1310 1858 1340 ‚
1896 1257 2122 1326 nostro
2142 1278 2365 1325 autern
2381 1250 2597 1324 seculo
2618 1264 2748 1352 pri-

319 1360 512 1430 mum
547 1356 840 1424 detectas
877 1352 1197 1420 veritateS.
1246 1355 1665 1423 Inveniemus
1700 1379 1897 1446 quam
1934 1352 2215 1450 plurima
2234 1374 2465 1422 contra
2486 1359 2755 1451 opinio-

322 1480 482 1525 nem
498 1451 669 1551 vulgi
684 1447 1029 1520 militantia
1061 1453 1084 1535 (
1096 1450 1458 1539 paradoxa).

436 1577 466 1621 1
490 1577 550 1639 ς.
603 1548 1147 1645 Peregrinationis
1184 1544 1395 1616 sumus
1430 1568 1724 1619 amantes
1748 1599 1769 1631 ,
1807 1554 1877 1618 &
1906 1543 2100 1619 urbes
2118 1600 2139 1633 ,
2183 1544 2358 1621 aulas
2386 1601 2406 1630 ,
2448 1575 2516 1623 re
2569 1555 2749 1627 'ones

319 1647 639 1721 lustrandi
671 1647 894 1719 studio
929 1649 1260 1743 capimur?
1291 1669 1441 1717 toro
1469 1670 1781 1717 terrarum
1808 1644 1973 1718 orbe
1997 1653 2351 1721 innumeris
2369 1676 2484 1724 mo
2535 1662 2587 1725 is
2610 1679 2752 1725 arn—

320 1747 540 1853 pliora
561 1757 630 1821 δε
645 1744 1081 1847 splendidiora
1102 1749 1170 1813 in
1185 1742 1307 1817 hac
1324 1743 1576 1817 scientia
1592 1744 1634 1815 s
1662 1745 1939 1819 ecranda
1953 1745 2153 1819 nobis
2174 1745 2590 1834 exhibentur,
2625 1759 2752 1826 im-

317 1844 619 1937 mensum
640 1845 973 1920 Caelorum
993 1842 1332 1942 expansum
1355 1872 1430 1916 ac
1448 1774 1945 1918 caelelliafidera
1967 1844 2284 1919 univeria.

424 1976 539 2040 ¹4·
585 1944 802 2019 Multa
837 1947 906 2014 in
945 1941 1045 2014 his
1071 1943 1438 2044 cunctisque
1481 1944 1655 2018 adeo
1703 1944 1901 2018 rebus
1931 1945 2332 2019 naturalibus
2372 1945 2457 2019 ab
2481 1953 2751 2023 ineunte

311 2046 504 2122 ae'tate
523 2100 546 2132 ‚
586 2067 656 2116 ut
679 2036 895 2116 niodo
915 2040 1163 2115 dictum
1187 2098 1207 2129 ,
1241 2050 1595 2118 erravimus
1615 2070 1849 2118 omnes
1868 2099 1890 2132 ,
1914 2045 2365 2147 dum-augusta
2387 2051 2521 2120 Dei
2544 2070 2750 2152 opera

311 2148 516 2220 nimis·
548 2146 825 2250 angusta.
846 2141 1048 2214 nobis
1068 2143 1653 2243 repraesentavimus
1673 2198 1697 2232 ,
1714 2156 1784 2221 &
1804 2146 2117 2249 pleraque
2133 2151 2249 2232 iis,
2270 2171 2414 2245 quae
2432 2153 2606 2222 circa
2619 2175 2752 2225 ter-

310 2275 449 2338 ram
469 2244 773 2346 quotidie
803 2245 996 2317 nobis
1016 2270 1367 2319 occurrunt
1384 2301 1400 2329 ‚
1436 2251 1636 2344 quarn
1658 2272 1775 2347 par
1794 2249 1882 2318 est
1897 2244 2204 2319 fimiliora
2231 2245 2659 2325 credidimuS.

417 2377 455 2419 11
470 2374 532 2440 ς.
586 2346 811 2420 Multa
827 2351 999 2447 circa
1015 2344 1248 2416 eadem
1267 2370 1558 2418 erravere
1578 2353 1890 2419 Gentium
1910 2351 2161 2444 antiqui
2183 2345 2346 2418 dum
2364 2353 2557 2421 certis
2569 2354 2753 2448 prin-

314 2451 502 2548 cipiis
540 2467 655 2515 aut
680 2443 1038 2514 necessariis
1064 2450 1514 2541 experimentis
1557 2445 1886 2533 destituti,
1929 2455 2000 2519 δε
2024 2446 2467 2546 superstitione
2492 2446 2749 2549 abrepti

315 2572 489 2647 opus
502 2540 637 2614 fere
661 2567 811 2613 curn
837 2541 1078 2639 opifice
1096 2540 1565 2613 confuderunt.

422 2672 449 2717 1
468 2656 534 2714 6.
583 2641 804 2714 Multa
840 2639 1125 2735 denique
1149 2645 1219 2708 in
1235 2638 1640 2711 iisallucinati
1658 2647 1769 2738 qui
1786 2643 1824 2714 ὲ
1844 2637 2042 2708 schola
2060 2662 2312 2709 non-len
2330 2638 2579 2714 ducunt
2590 2643 2749 2716 Phi-

314 2740 580 2845 losophi
600 2795 622 2827 ,
662 2738 823 2813 dum
856 2764 931 2810 ea
964 2763 1109 2836 quae
1141 2762 1319 2810 extra
1348 2736 1636 2810 scholam
1671 2765 1797 2810 nec
1819 2734 1963 2808 sunt
1983 2761 2106 2808 nec
2123 2734 2408 2812 visuntur
2422 2738 2690 2842 usquam
2715 2797 2739 2834 ‚

316 2842 515 2917 nobis
537 2837 976 2915 obtrufierunr.
1685 2861 1694 2872 ·
2302 2866 2307 2872 ·

420 2971 529 3041 17.
580 2946 923 3039 Ptaecipuis
956 2943 1347 3012 cunctorum
1371 2940 1634 3011 istorum
1659 2963 1954 3011 errorum
1971 2935 2411 3015 fundamentis
2427 2946 2693 3041 rejectis
2711 3000 2759 3033 ,-

318 3071 507 3118 novae
547 3039 843 3138 Phyfices
865 3045 1177 3142 principia
1198 3039 1466 3110 stabilire
1490 3048 1553 3111 δι
1573 3038 1881 3112 illustrare
1899 3064 2051 3112 cura
2073 3039 2270 3113 nobis
2289 3048 2408 3114 erit
2429 3072 2449 3115 ε
2494 3068 2568 3114 ex
2586 3049 2756 3140 qui--

318 3143 437 3216 bus
474 3149 758 3216 veriores
795 3139 878 3212 de
921 3138 1113 3210 rebus
1146 3137 1540 3212 naturalibus
1579 3138 1923 3213 sententias
1940 3139 2138 3212 facile
2160 3146 2493 3240 percipere
2515 3168 2595 3214 ac
2619 3140 2737 3214 de-

312 3245 665 3317 monstrare
687 3264 923 3313 naturae
941 3236 1223 3311 studioso
1240 3239 1476 3310 liceat..
2444 3265 2449 3270 ·

415 3370 444 3416 1
463 3352 529 3413 8.
582 3345 739 3412 Hoc
772 3341 900 3411 fine
938 3365 1076 3410 rem
1114 3364 1504 3450 corpoream
1540 3336 1652 3410 seu
1674 3361 1911 3437 corpus
1928 3338 2217 3412 naturale
2236 3365 2373 3412 non
2391 3339 2603 3413 inodo
2618 3365 2733 3438 ge-

309 3442 610 3515 neraliter
629 3448 696 3513 &
720 3440 1006 3511 universe.
1041 3439 1671 3540 contemplabimur3
1714 3438 1938 3510 verum
1959 3445 2151 3510 etiam
2180 3437 2502 3539 speciatim
2519 3440 2602 3508 de
2620 3462 2737 3507 na‘-

311 3568 454 3614 tura
471 3540 811 3613 caelestium
830 3564 905 3609 ac
924 3539 1309 3610 terrestrium
1326 3563 1688 3635 corporum
1714 3590 1737 3619 ,
1765 3564 1841 3609 ac
1857 3536 2150 3609 hominis
2166 3539 2449 3636 denique
2467 3538 2736 3607 illorum

312 3647 616 3715 omnium
629 3634 999 3737 spectatoris
1022 3691 1044 3722 ,
1076 3635 1581 3738 proprietatibus
1598 3662 1794 3734 atque
1812 3636 2181 3709 actionibus
2198 3688 2218 3715 ‚
2236 3662 2571 3734 quantum
2589 3662 2741 3735 per-

309 3751 527 3815 mittet
549 3745 761 3813 otium
785 3744 807 3824 ',
841 3764 1128 3838 agemus.
1840 3797 1853 3804 ,
2168 3781 2176 3789 -

417 3871 442 3915 1
458 3870 528 3932 9.
574 3836 763 3915 Sol'et
781 3842 970 3918 'enim
1001 3833 1264 3930 Phyfica
1291 3839 1359 3905 in
1371 3858 1636 3934 partem
1652 3836 2025 3934 generalem
2048 3844 2117 3907 &
2148 3833 2491 3933 specialem
2512 3832 2698 3901 dividi
2719 3887 2743 3918 ‚

266 3939 276 3953 ⁵
305 3950 490 4042 cujus
506 3937 778 4040 quidem
793 3933 1087 4040 specialis
1109 3991 1130 4025 ,
1147 3935 1240 4010 ob
1254 3962 1470 4011 tetum
1490 3933 2156 4035 contemplandarum
2171 3943 2431 4031 copiam
2449 3955 2523 4000 ac
2537 3935 2746 4000 varie-

1631 4036 1711 4107 M
1777 4062 1821 4127 31
2497 4045 2704 4096 tatem
2720 4060 2774 4095 s»
