3391 4418
629 142 786 237 174
1275 123 2415 209 D‘rsrurarro‘
2600 220 2605 225 ‚

620 268 800 317 nunc
819 239 1140 320 minuere,
1157 261 1335 311 nunc
1347 262 1607 341 augete.
1641 231 1721 308 ld
1734 237 1912 308 enim
1929 231 2191 310 summae
2207 242 2345 335 ejus
2364 238 2718 311 convenire
2742 235 3060 316 libertati.

732 370 846 441 37.
896 336 1097 442 Resp.
1146 338 1425 439 AEqualis
1442 338 1690 438 semper
1707 339 1886 409 estin
1906 335 2164 411 mundo
2186 343 2468 412 materiae
2483 343 2810 437 quantitas
2834 395 2857 427 ,
2898 340 3065 416 licet

631 454 773 544 ejus
790 448 1073 517 materi‘ae
1088 441 1235 543 plus
1258 466 1431 515 nunc
1449 496 1472 529 ,
1508 438 1710 540 quam
1729 436 1973 512 Adami
1997 448 2068 511 &
2089 441 2236 512 Evae
2254 484 2275 521 ‚
2317 445 2686 539 primorum
2707 462 3065 542 parentum

634 570 939 648 tempore
952 597 973 631 ,
996 566 1277 643 corpora
1297 540 1590 639 humana¹
1648 545 1829 614 attici
1879 562 2013 612 ent.
2033 545 2243 639 Cujus
2265 544 2474 614 minui
2492 566 2559 614 at
2608 568 2688 616 ue
2710 550 2929 645 augeri
2948 569 3072 615 ne..

632 641 771 720 sciae
805 647 1184 747 quantitatis
1222 640 1476 716 caulam
1500 668 1544 713 n
1639 667 1747 713 am
1777 668 1814 714 a
1865 665 2091 742 ignare
2115 639 2444 729 valemus,
2480 568 2607 715 nisil
2630 669 2780 715 eam
2800 700 2819 727 ,
2856 669 3004 743 quae
3027 644 3070 716 a

632 750 772 820 Dei
812 749 1097 835 audictis
1132 746 1381 844 petitur
1411 741 1717 844 sapientia
1749 750 1815 816 &
1857 742 2239 815 constantia.
2323 742 2516 842 Qd
2549 749 2727 816 enim
2761 767 3068 818 moveret

635 850 860 920 Deum
888 890 912 927 ‚
948 872 1025 920 ur
1056 842 1270 918 modo
1301 842 1446 944 plus
1463 894 1486 930 ‚
1522 840 1737 916 modo
1778 847 1989 917 minus
2010 846 2295 915 materiae
2319 846 2388 913 in
2411 840 2710 917 universo
2730 842 3075 944 produce-

636 963 777 1018 ret?
808 950 1024 1021 Eccur
1056 972 1195 1019 non
1226 944 1507 1018 eandem
1530 941 1614 1016 de
1640 965 1834 1015 motu
1850 949 2054 1016 totius
2074 938 2375 1017 Universi
2390 948 2715 1018 rationem
2738 943 2948 1019 valere
2962 951 3076 1043 ju-

640 1043 976 1121 fflmmm?

742 1174 769 1240 3
787 1152 824 1220 ⁸
835 1199 854 1219 .
875 1152 1101 1221 Deum
1115 1172 1151 1218 e
1204 1143 1426 1219 uidem
1437 1140 1768 1218 liberrime
1782 1147 2007 1213 omnia
2022 1128 2211 1245 agere
2226 1145 2295 1213 in
2316 1139 2628 1229 omnibus
2640 1146 2823 1221 nullo
2843 1142 3071 1220 modo

636 1242 809 1322 imus
841 1249 1129 1341 inficias3
1154 1173 1271 1320 sed
1307 1240 1708 1318 affirmamus
1730 1238 2017 1343 insuper,
2057 1242 2383 1343 perpetuo
2420 1268 2578 1317 eum
2609 1272 2794 1348 agere
2815 1252 3073 1322 caeteris

628 1344 1151 1445 perseffionibus
1185 1345 1304 1421 suis
1335 1367 1773 1450 congruenter
1794 1396 1818 1429 ‚
1849 1340 2153 1442 adeoque
2186 1342 2507 1444 sapienter
2548 1354 2621 1429 &
2657 1348 3068 1436 constantem

631 1473 756 1519 nec
782 1455 894 1521 uni
917 1447 1234 1522 libertatis
1260 1445 1583 1522 attributo
1597 1443 1682 1519 fic
1703 1442 1824 1517 effi:
1848 1441 2264 1516 infistendum
2286 1496 2308 1529 ,
2332 1466 2404 1514 ut
2421 1442 2684 1543 reliquae
2703 1457 2842 1545 ejus
2860 1451 3074 1521 virtu·

611 1548 620 1555 ’
640 1568 736 1618 res
759 1602 780 1634 ,
801 1564 948 1647 qulae
969 1574 1107 1621 non
1123 1551 1339 1621 minus
1353 1550 1424 1618 in
1444 1573 1528 1620 eo
1540 1541 1902 1647 spectandae
1919 1543 2114 1617 nobis
2136 1542 2522 1616 exhibentur
2540 1598 2561 1632 ,
2587 1551 2805 1622 minus
2821 1547 2860 1620 a
2873 1544 3072 1621 nobis

629 1646 966 1748 praedicari
992 1648 1361 1721 videantur.
2472 1650 2478 1655 ’

728 1774 841 1847 39.
886 1745 1085 1821 Thefi
1106 1744 1374 1848 septima
1385 1761 1649 1831 motum
1663 1736 1700 1812 a
1718 1742 1874 1812 Deo
1896 1740 2018 1815 effi:
2032 1740 2308 1816 diximus
2329 1800 2346 1828 ,
2371 1743 2500 1844 qua
2520 1768 2745 1820 motus
2758 1747 2870 1831 est,
2892 1747 3070 1820 unde

623 1852 915 1948 primum
934 1870 1271 1920 motorem
1291 1867 1441 1916 eum
1460 1837 1881 1941 appellamus,
1902 1848 2018 1942 qui
2036 1841 2398 1917 immobilis
2416 1842 2549 1945 ipse
2567 1871 2797 1921 movet
2819 1854 3073 1944 omnia3

633 1971 702 2017 at
731 1944 1066 2019 ambulare
1097 1969 1291 2030 eum,
1325 1942 1529 2016 fluere
1552 1992 1572 2020 ,
1606 1966 1831 2044 gyrare
1869 1968 2010 2015 non
2041 1942 2316 2017 dicimus
2335 1998 2356 2031 ‚
2391 1943 2554 2017 dum
2573 1951 2911 2023 Creaturae
2930 1974 3069 2021 am·

633 2045 906 2133 bulant‚‘
941 2045 1161 2117 fluunt
1181 2041 1282 2115 vel
1296 2063 1551 2144 gyrant,
1602 2049 1662 2117 A
1677 2040 2176 2142 particularibus
2189 2050 2367 2117 enim
2386 2042 2585 2118 caulis
2608 2054 2680 2135 δε
2703 2053 2893 2121 certis
2909 2075 3066 2123 mo-

621 2152 827 2220 'tuum
849 2142 1163 2242 'subjeffis
1191 2166 1387 2244 atque
1426 2148 1688 2243 organis
1720 2141 2296 2220 denominationes
2311 2145 2457 2219 istas
2472 2143 2773 2247 speciales
2788 2144 3071 2222 desumi-

515 2240 532 2247 *
606 2275 610 2278 ’
633 2272 808 2320 mus.
855 2252 1082 2340 Quare
1099 2249 1340 2318 mirum
1361 2242 1563 2319 videri
1585 2270 1725 2320 non
1743 2243 1946 2319 debet
1962 2303 1983 2332 ‚
2007 2244 2195 2346 quod
2210 2246 2455 2347 aliquas
2473 2252 2604 2320 Dei
2619 2247 3068 2349 perfefflones

632 2347 858 2449 potius
878 2368 991 2420 aut
1004 2344 1179 2419 certe
1197 2345 1332 2418 alio
1351 2343 1568 2442 modo
1581 2344 1648 2417 in
1672 2369 1866 2421 motu
1889 2348 2179 2421 universe
2202 2343 2495 2450 speCrato
2511 2403 2532 2436 ,
2563 2348 2762 2448 quam
2783 2355 2852 2422 in
2871 2353 3066 2422 certis

633 2455 703 2523 δι
725 2444 1165 2550 peculiaribus
1183 2447 1483 2521 motibus
1503 2496 1527 2533 ,
1551 2445 1919 2520 cu'ufinodi
1936 2444 2078 2520 sunt
2098 2472 2162 2523 v.
2180 2475 2247 2550 g.
2265 2447 2395 2534 illi,
2419 2447 2658 2548 quibus
2677 2475 2915 2551 corpus
2939 2448 3064 2522 hu-

629 2557 912 2622 ‘manum
955 2573 1302 2651 generatur
1322 2592 1344 2627 ‚
1399 2473 1839 2652 repraeflntari
1872 2546 2301 2622 arbitremur:
2339 2552 2700 2648 quomodo
2731 2575 2954 2625 tamen
2993 2555 3065 2622 in

618 2654 654 2747 j
706 2647 827 2725 fius
863 2656 1060 2723 etiarn
1102 2650 1368 2724 humani
1404 2673 1487 2723 co
1574 2648 1707 2722 oris
1733 2647 2178 2750 produdlione
2192 2646 2675 2751 perfeetionem
2690 2651 3065 2726 constantie

631 2677 753 2825 (iias
771 2754 962 2824 Deus
978 2748 1362 2850 patefaciat,
1395 2675 1667 2846 thelsi42
1701 2747 2095 2848 videbimus,

685 2933 690 2936 ,
721 2875 843 2946 40.
898 2856 1007 2923 Sic
1025 2855 1156 2920 Dei
1169 2852 1424 2949 opificis
1438 2847 1752 2923 unitatem
1775 2874 1851 2922 ex
1865 2875 1949 2922 eo
1966 2848 2154 2949 quod
2168 2876 2373 2924 unum
2392 2848 2552 2925 fecit
2568 2876 2784 2925 rerum
2804 2855 3066 2926 univer-

627 2941 769 3042 sum
791 2999 811 3029 ‚
850 2943 1109 3049 agnosci
1125 2945 1355 3020 dicunt
1372 2973 1609 3022 omnes
1625 3002 1648 3035 ,
1671 2942 2023 3040 referentes
2041 2953 2262 3024 Deum
2283 2977 2353 3025 ut
2367 2950 2619 3026 causam
2638 2951 3063 3027 universalem

626 3043 709 3146 ad
730 3075 898 3148 opus
917 3043 1281 3120 universum
1301 3101 1324 3134 ,
1369 3070 1441 3118 ut
1456 3050 1619 3145 justa
1633 3046 1711 3120 fit
1724 3055 2135 3150 comparatio
2157 3079 2180 3135 ;
2221 3077 2359 3134 non
2374 3059 2549 3126 enim
2569 3052 2826 3127 easdem
2844 3048 3059 3154 perfe—
3170 3075 3185 3086 ⁸

628 3152 882 3232 &iones
909 3144 1044 3219 suas
1073 3152 1258 3220 Deus
1292 3152 1363 3218 in
1445 3147 1690 3222 artibus
1719 3147 1976 3251 lingulis
1995 3149 2288 3251 expreffit
2306 3150 2596 3254 semper,
2688 3163 2800 3227 uas
2819 3159 2890 3226 in
2904 3174 3057 3228 toto

623 3242 853 3350 opere,
877 3239 985 3320 aur
998 3250 1171 3320 certe
1190 3249 1374 3321 aliter
1391 3173 1522 3336 gie,
1543 3249 1836 3322 aliteribi
1851 3278 1957 3324 eas
1978 3247 2468 3351 repraesentavit,
2485 3275 2558 3325 ut
2577 3278 2654 3327 ve
2697 3280 2771 3327 ex
2786 3256 2913 3327 hac
2927 3251 3057 3356 ipsa
3156 3266 3161 3272 “

620 3353 929 3426 varietate
949 3346 1327 3448 sapientiam
1345 3349 1800 3426 &libertatem
1817 3361 1954 3450 ejus
1969 3349 2162 3422 liceat
2177 3348 2522 3452 agnoscere
2545 3381 2563 3426 ε
2593 3358 2680 3427 ita
2697 3382 2819 3429 nec
2840 3361 3057 3456 operis

618 3451 883 3550 alicujus
904 3453 1143 3551 egregii
1157 3446 1482 3548 perfeffio
1507 3449 1756 3551 semper
1770 3453 1806 3525 ὲ
1822 3449 2116 3551 partibus
2130 3451 2499 3525 aestimafida
2514 3450 2791 3556 lingulis,
2810 3482 2876 3532 at
2891 3453 3053 3558 saepe

617 3578 874 3626 tantum
894 3607 910 3632 ,
952 3575 1064 3622 aut
1105 3572 1280 3622 certe
1313 3552 1724 3652 potiffimum
1754 3559 1821 3624 in
1852 3555 2130 3651 partium
2169 3557 2472 3628 omnium
2505 3564 2948 3659 proportione
2979 3566 3054 3632 δε

616 3649 924 3725 consensu
961 3649 1300 3725 intuenda.
1365 3656 1552 3755 Qis
1580 3660 1775 3757 igitur
1798 3651 1902 3723 hic
1916 3646 2078 3752 ferat
2099 3648 2210 3723 tali
2226 3653 2441 3728 modo
2465 3660 2961 3733 ratiocinantes!
3003 3655 3053 3728 fi

610 3751 977 3826 Dei'unitas
991 3778 1066 3824 ex
1090 3757 1333 3825 unitate
1357 3766 1558 3827 totius
1581 3752 1812 3850 mundi
1829 3749 2187 3853 colligitur,
2225 3778 2383 3856 ergo
2403 3756 2473 3829 δὲ
2487 3756 2843 3832 multitudo
2861 3766 3056 3834 Deo-

611 3867 759 3926 rum
793 3875 871 3925 ex
898 3852 1315 3934 multitudine
1351 3857 1819 3929 Creaturarum
1853 3851 2072 3953 colligi
2106 3859 2356 3952 poterit
2386 3881 2406 3925 ε
2454 3854 2557 3930 vel
2586 3861 2676 3927 ita
2715 3886 2734 3931 r
2787 3857 2834 3929 fi
2868 3864 3055 3932 Deus

608 3951 829 4062 ruodo
860 3963 998 4054 jam
1030 3953 1354 4056 explicato
1375 3957 1660 4034 ostendit
1676 3950 2279 4031 immutabilitatem
2303 3950 2484 4030 suam
2502 3960 2570 4029 iu
2591 3977 2743 4033 toto
2761 3957 3058 4130 Univfr-

2965 4083 3047 4143 0,
