3391 4418
1061 134 2213 235 PursreAXXX.
2687 183 2845 269 ²45

407 270 579 342 stitui
592 310 617 343 ³
649 259 875 337 urhaec
895 284 1030 332 non
1047 254 1285 330 debeat
1305 255 1441 336 ullo
1463 255 1676 346 modo
1693 265 2035 330 contemni
2049 304 2072 341 ‚
2103 259 2425 363 hujusque
2442 267 2535 338 rei
2550 264 2838 347 demon..

407 365 675 439 strandae
693 365 897 464 gratia
911 383 1239 461 apponam
1262 354 1616 453 sequentia.
1836 379 1842 386 ·
2338 422 2343 427 .

514 491 546 559 5
566 492 626 538 1.
675 461 958 563 Scaliger
982 460 1101 532 lib.
1130 486 1154 530 1
1206 460 1392 558 po'e‘t.
1414 481 1559 556 cap.
1580 483 1644 530 2.
1692 464 1860 532 Po’e'tae
1873 482 2073 530 nomen
2092 457 2548 557 nonhfingendo,
2579 469 2831 559 utputa-

406 583 542 639 runt
559 618 582 650 ,
618 562 902 659 quiafiffis
934 578 1185 633 uteretur
1200 601 1222 634 ‚
1244 557 1346 651 sed
1373 559 1536 627 initio
1554 557 1593 626 ἃ
1598 557 1866 646 faciendo
1887 559 2040 653 versu
2055 562 2262 631 dicium
2280 568 2399 648 eii»,
2437 569 2554 661 qui
2578 566 2833 643 videtur

403 663 592 744 iane,
620 686 700 735 ut
728 667 917 763 cap.1
951 665 1073 748 ait,
1107 683 1206 729 tes
1233 653 1392 755 ipsas
1413 709 1433 740 ‚
1473 681 1611 727 non
1644 681 1715 728 ut
1736 656 1846 728 alii
1867 710 1887 742 ,
1929 655 2102 755 quasi
2131 659 2353 733 histrio
2377 687 2634 738 narrare
2659 711 2684 744 ,
2718 665 2829 742 sed

407 784 471 836 ut
503 765 648 835 alter
677 776 825 834 Deus
856 762 1112 832 condere.
1145 759 1313 828 Haec
1345 755 1451 825 ille
1472 787 1491 841 ;
1514 783 1679 853 -quae
1698 757 1855 829 ideo
1881 756 2148 831 adduco
2172 812 2195 846 ,
2232 768 2817 842 urminusincom.

408 861 612 936 moda
630 884 935 964 appareat
956 858 1171 930 nostra
1188 861 1623 955 comparatio.

476 987 538 1059 ,ς
552 991 614 1034 2.
670 955 1270 1060 Qmadmodum
1300 981 1498 1024 omne
1534 980 1795 1027 carmen
1813 963 2025 1029 certos
2039 982 2351 1034 numeros
2372 972 2442 1036 δε
2459 964 2825 1042 mensuram

391 1059 622 1155 justam
658 1066 882 1160 exigit:
921 1063 1012 1129 ita
1026 1055 1199 1127 reete
1222 1054 1459 1125 dicitur
1473 1054 1509 1125 a
1526 1060 1727 1128 Po‘e‘ta
1748 1083 1769 1125 .·
1791 1060 2037 1128 Pondere
2053 1110 2076 1143 ‚
2096 1059 2358 1153 mensura
2377 1113 2400 1146 ,
2420 1084 2650 1134 numero
2667 1079 2821 1140 Deus

392 1184 587 1233 omma
629 1177 758 1232 ecit.

503 1286 535 1352 5
560 1158 972 1350 gNamque
995 1274 1069 1323 ut
1084 1246 1335 1346 syllabae
1361 1275 1622 1333 vocum,
1648 1278 1723 1324 ex
1745 1254 1985 1349 quibus
1999 1253 2207 1327 versus
2226 1254 2548 1340 constant,
2570 1281 2812 1336 certam

388 1356 651 1427 habent
681 1356 1164 1451 quantitatem:
1204 1352 1296 1418 ita
1327 1372 1465 1418 non
1486 1349 1697 1421 modo
1713 1356 1995 1447 partium
2013 1361 2293 1425 materia:
2313 1406 2336 1437 ,
2374 1357 2813 1432 verumetiam

383 1475 623 1526 *motus
642 1456 710 1525 in
731 1447 1029 1526 universo
1048 1448 1478 1521 determinata
1492 1453 1816 1545 quantitas
1826 1448 1938 1532 est.
1983 1454 2061 1521 Et
2077 1451 2648 1548 quemadmodum
2670 1456 2813 1531 duae

290 1567 303 1576 '
399 1552 630 1625 breves
655 1549 990 1625 ,interdurn
1025 1542 1450 1646 compensant
1480 1573 1674 1619 unam
1707 1546 2011 1646 longam:
2048 1555 2136 1621 ita
2167 1551 2617 1651 compensatio
2638 1558 2812 1629 estin

396 1675 708 1730 motuum
724 1649 1051 1723 celeritate
1071 1676 1148 1721 ac
1164 1646 1464 1721 tarditate
1483 1693 1508 1724 ‚
1544 1646 1627 1719 de
1648 1673 1779 1746 qua
1798 1652 2011 1746 agitur
2025 1653 2092 1719 in
2111 1650 2373 1748 Physica
2388 1655 2696 1754 generalia

500 1778 535 1846 5
549 1782 620 1844 4.
652 1760 850 1845 Quot
865 1747 1138 1844 syllabae,
1158 1770 1327 1848 quot
1343 1752 1668 1848 regiones,
1684 1752 1795 1846 qui
1811 1747 2013 1846 pedes
2029 1747 2317 1825 debeant
2331 1752 2449 1825 ess'e
2469 1759 2533 1824 in
2553 1756 2812 1855 Elegia-

394 1876 480 1924 co
516 1850 827 1925 P'rosodia
847 1851 1054 1922 docet
1071 1904 1094 1937 ,
1128 1846 1237 1920 sed
1256 1849 1476 1918 utrum
1502 1852 1570 1918 in
1594 1846 1720 1919 hac
1740 1847 1930 1918 illave
1946 1854 2219 1951 regione
2238 1897 2261 1934 ‚
2304 1881 2365 1926 v.
2378 1879 2445 1954 g.
2464 1858 2532 1925 in
2555 1862 2764 1955 prima
2783 1905 2809 1941 ,

365 1949 670 2025 secunda
691 2007 711 2039 ,
750 1956 939 2025 tertia
955 1995 981 2028 ‚
1020 1973 1247 2047 quarta
1265 1944 1507 2019 debeat
1527 1945 1649 2020 eise
1667 1945 2042 2048 spondaeus,
2064 1959 2145 2024 an'
2164 1953 2458 2050 dactylus
2475 1979 2549 2025 ex
2638 1960 2811 2032 rien-

388 2057 476 2125 tia
527 2057 597 2124 in
646 2049 1142 2154 particularibus
1188 2045 1496 2148 exemplis
1535 2046 1777 2121 docere
1822 2047 2026 2121 debet
2062 2104 2084 2134 ,
2133 2059 2287 2152 quia
2321 2051 2474 2125 talia
2505 2059 2549 2151 p
2579 2062 2804 2128 urimis

382 2150 605 2227 modis
626 2154 888 2255 possunt
914 2158 1174 2229 variari:
1202 2148 1430 2221 similis
1452 2144 1647 2250 plane
1680 2148 1982 2223 dostrina
2004 2148 2087 2224 de
2103 2158 2300 2227 rebus
2318 2151 2588 2256 phyficis
2608 2157 2806 2236 exstat

490 2371 569 2439 55
583 2397 603 2417 .
654 2348 888 2422 Versus
919 2348 1236 2423 Ovidiani
1253 2391 1276 2425 ‚
1318 2371 1653 2446 utcunque
1693 2373 1821 2448 ego
1837 2370 1843 2374 ·
1858 2356 1927 2420 δε
1958 2375 2217 2424 mecum
2237 2352 2340 2422 alii
2360 2351 2628 2449 plurimi
2645 2359 2711 2425 in
2732 2360 2806 2427 iis

385 2447 616 2514 animo
646 2446 748 2515 vel
770 2444 994 2515 charra
1013 2444 1369 2517 retexendis
1389 2472 1466 2516 ac
1495 2444 1933 2518 describendis
1958 2452 2133 2519 mille
2158 2449 2378 2520 modis
2397 2449 2661 2522 diversis
2682 2476 2804 2522 oc·-

387 2565 704 2643 cupemur
720 2595 743 2628 ,
779 2565 1047 2619 manent
1060 2542 1268 2612 iidem
1288 2542 1378 2611 illi
1392 2549 1503 2640 qui
1522 2546 1667 2614 sunt
1684 2553 1755 2615 &
1777 2570 1861 2615 eo
1876 2547 2088 2615 modo
2111 2543 2265 2614 faeti
2286 2571 2422 2639 quo
2443 2542 2596 2616 fiai
2620 2546 2759 2617 sunt
2780 2576 2799 2615 ι

380 2639 766 2714 siemundus
784 2636 966 2711 idem
980 2663 1197 2711 manet
1215 2644 1330 2735 qui
1352 2641 1443 2710 est
1456 2664 1577 2709 nec
1591 2636 1822 2711 definit
1844 2666 1929 2710 eo
1951 2640 2165 2711 modo
2180 2636 2389 2710 fastus
2408 2638 2528 2709 effe
2550 2654 2688 2737 quo
2708 2639 2806 2711 sa-

377 2745 530 2815 '6k'us
548 2741 642 2813 est
656 2786 679 2820 ‚
721 2735 972 2813 etiamfi
987 2742 1176 2811 variis
1200 2735 1415 2811 modis
1428 2742 1497 2810 in
1512 2762 1732 2811 mente
1750 2732 2130 2839 Philosophi
2149 2759 2260 2809 aut
2279 2733 2608 2834 systemate
2628 2736 2800 2833 Phy-

381 2840 521 2915 fico
532 2837 888 2914 resolvatur
900 2863 975 2910 ac
989 2834 1407 2912 describatur.

480 2952 599 3039 56.
653 2936 987 3013 Excellens
1011 2941 1212 3040 poe'ta
1233 2937 1503 3010 moleste
1534 2964 1672 3010 non
1697 2932 2047 3013 soletferre
2068 2982 2092 3015 ,
2128 2933 2174 3009 fi
2205 2959 2410 3010 artem
2447 2963 2649 3037 quam
2668 2965 2800 3040 po-

378 3038 501 3114 suit
512 3044 584 3113 in
603 3046 890 3113 carmine
902 3037 1255 3140 pangendo
1269 3063 1396 3138 pro
1423 3038 1701 3113 modulo
1723 3040 1947 3112 nostro
1970 3035 2362 3140 cognoscere
2380 3036 2793 3131 laboremus3

376 3138 450 3212 id
463 3145 640 3212 enim
655 3140 742 3213 ad
756 3138 1021 3211 laudern
1035 3149 1171 3309 (ἕως
1188 3133 1346 3209 facit
1366 3167 1382 3210 ε
1418 3164 1540 3210 nec
1554 3142 1778 3212 mundi
1796 3135 2016 3239 opifex
2039 3139 2415 3238 indignatur
2428 3189 2450 3225 ‚
2488 3136 2532 3209 fi
2551 3165 2675 3211 nos
2696 3164 2797 3211 ra-

266 3248 269 3253 ’
379 3238 657 3313 tionales
685 3248 1016 3314 Creaturae
1071 3242 1432 3340 apientiam
1470 3240 1603 3331 ejus
1637 3240 2037 3312 admiremur
2071 3237 2479 3336 eandemque
2502 3243 2570 3310 in
2588 3260 2794 3340 opere

378 3339 738 3440 magnifico
760 3339 1156 3413 relucentem
1176 3364 1305 3439 pto
1329 3341 1765 3438 caprusnostri
1784 3338 2066 3439 angustia
2083 3336 2566 3439 apprehendere
2583 3352 2796 3412 cone*-

376 3463 528 3512 mur
544 3490 566 3525 ,
594 3438 664 3512 id
679 3444 854 3512 enim
872 3462 1096 3512 torum
1111 3446 1315 3540 vergit
1334 3438 1418 3510 ad
1439 3439 1719 3542 gloriam
1742 3441 2028 3511 nominis
2045 3447 2206 3535 ejus.

483 3562 595 3636 57.
653 3539 834 3613 Cum
852 3534 1061 3611 versus
1074 3545 1141 3610 in
1159 3538 1466 3610 ordinem
1487 3539 1731 3633 redacti
1756 3540 1898 3610 sunt
1911 3590 1933 3623 ‚
1969 3542 2109 3609 tum
2131 3539 2403 3610 demum
2420 3537 2576 3610 alius
2595 3535 2794 3612 hexa-

385 3663 627 3721 meter,
653 3640 815 3712 alius
827 3661 1230 3737 pentameter
1242 3648 1375 3712 διο.
1402 3646 1798 3712 nominaturt
1824 3636 1908 3708 sic
1927 3642 1993 3706 in
2005 3636 2426 3739 Philosophia
2440 3638 2655 3710 nostra
2665 3664 2794 3713 no-

382 3743 560 3811 mina
574 3763 717 3812 tum
738 3737 1008 3810 demum
1025 3738 1145 3810 rite
1161 3736 1354 3810 rebus
1367 3744 1797 3839 imponuntur
1812 3781 1836 3815 ‚
1867 3738 2022 3809 cum
2042 3762 2262 3810 earum
2285 3735 2527 3814 fabrica
2545 3747 2612 3811 δι
2629 3764 2789 3814 con-
2817 3776 2821 3780 ·

382 3835 627 3933 stitutio
647 3841 684 3914 a
696 3843 925 3942 primis
939 3842 1138 3911 initiis
1151 3838 1240 3912 ad
1260 3837 1898 3913 consummationem
1917 3833 2114 3935 usque
2134 3843 2446 3911 innotuit.
2715 3877 2723 3883 ·

485 3966 520 4034 5
533 3942 601 4015 8.
650 3938 945 4013 Mundus
963 3940 1058 4012 est
1081 3937 1531 4042 Alphabetum
1549 3966 1866 4046 magnum
1883 3991 1907 4024 ,
1943 3943 2014 4008 in
2031 3963 2169 4036 quo
2189 3936 2386 4014 literae
2409 3962 2640 4014 omnes
2653 3933 2793 4004 sunt

384 4039 1117 4147 yocalesmufflmnm.
1284 4041 1339 4049 ”
1894 4034 2028 4113 Hh
2086 4067 2141 4141 3⁴
2477 4048 2482 4051 ·
2550 4037 2806 4102 Dur.-

2565 4224 2598 4242 δ

502 4257 555 4276 .-
