3391 4418
594 138 755 226 ,203
1180 129 2404 216 .D1s1»u·r.4·r101

601 254 758 349 quia
789 268 1030 347 nempe
1108 242 1277 315 lut-es
1313 241 1436 314 111ae
1460 246 1769 315 convivas
1800 269 2028 343 capere
2067 240 2350 344 potsunt.
2401 246 2500 315 Ita
2526 241 2678 315 cum
2703 241 3035 320 rotundos

606 355 795 424 Deus
841 270 1219 418 animalium
1275 342 1508 417 oculos
1566 341 1898 418 fabricarit
1951 345 2168 444 plures
2211 349 2441 440 utique
2482 341 2700 417 radios
2745 354 3038 446 recipere

609 472 882 548 queunt.
902 445 1149 521 Similia
1168 445 1251 517 de
1273 440 1476 517 vefica
1494 450 1797 529 urinaria,
1825 453 2048 517 cranio
2065 441 2329 543 aliisque
2349 443 2646 543 cbrporis
2665 441 2868 517 nostri
2892 472 3043 547 par-

613 549 789 625 tibus
814 542 1159 620 observant
1181 550 1578 617 Anatomici.
1602 544 1773 616 011ae
1798 599 1818 628 ,
1840 539 2041 646 capsae
2052 545 2305 642 aliaque
2329 543 2471 618 vasa
2489 550 2761 640 majoris
2779 552 3044 649 capaci-

619 655 767 725 tatis
786 673 947 747 ergo
962 644 1320 718 rotundam
1339 650 1664 746 accipiunt
1684 645 1978 744 figuram.

725 798 752 844 1
764 797 834 862 19.
886 773 1195 842 Praeterea
1223 769 1413 864 figura
1433 769 1695 864 sphaerica
1714 767 1787 862 est
1804 755 2159 863 robustiſsima
2177 770 2258 839 ad
2269 767 2634 862 agendum&
2652 766 3041 866 resistendum

617 861 807 971 quod
830 868 1084 970 fingulae
1101 878 1238 966 ejus
1255 891 1471 967 partes
1485 871 1624 940 aliis
1638 868 1977 940 firmentur
1994 878 2065 941 δι
2084 864 2530 949 sustententur.
2549 870 2728 939 Hinc
2746 870 3041 941 rotunda

621 979 695 1045 &
782 967 1012 1061 lobola
1048 993 1331 1069 corpora
1369 992 1502 1040 tam
1531 993 1681 1069 apta
1714 961 1852 1040 sunt
1885 966 1971 1039 ad
2006 968 2130 1039 alia
2158 964 2641 1068 complananda
2676 970 2778 1048 vel
2800 994 3042 1042 conte·-

617 998 866 1157 πῆξε,
907 1069 1089 1170 quod
1128 1073 1347 1140 omnis
1380 1093 1611 1140 eorum
1652 1072 1746 1140 vis
1780 1065 1987 1141 versus
2005 1066 2502 1164 unamlineam,
2543 1069 2680 1140 imo
2698 1076 2763 1141 in
2779 1067 3041 1170 prorsus

616 1168 935 1270 sphaericis
952 1166 1158 1243 versus
1176 1195 1373 1240 unum
1389 1174 1710 1269 punctum
1731 1166 2067 1270 dirigatur.
2117 1164 2485 1239 Considera
2507 1165 2744 1268 figuras
2763 1170 3041 1271 pistillo-

621 1298 766 1347 rum
790 1328 811 1359 ,
845 1270 1141 1374 lapidum
1173 1271 1523 1343 molarium
1546 1314 1568 1352 ,
1603 1268 2053 1364 cylindrorum
2092 1265 2535 1367 fimiliumque
2571 1269 3045 1344 instrumento-

622 1397 796 1446 tum.
1476 1427 1491 1446 .

720 1501 835 1548 20.
881 1473 1092 1549 Porro
1111 1493 1335 1566 corpora
1333 1470 1589 1569 sphaeicae
1612 1474 1780 1545 inter
1794 1476 2016 1543 omnia
2037 1516 2060 1548 ,
2098 1495 2241 1570 quae
2255 1467 2530 1567 quidem
2551 1491 2758 1541 certas
2777 1495 2853 1542 ac
2869 1469 3042 1542 defi..

616 1559 782 1646 nitas
817 1574 1051 1673 figuras
1086 1572 1391 1646 obtinent
1432 1577 1791 1671 (excipitur
1809 1578 1983 1643 enim
2003 1569 2393 1644 materiailla
2407 1568 2806 1666 quibussibet
2821 1570 3044 1644 modis

614 1673 969 1774 figurabilis
990 1728 1011 1759 ‚
1050 1673 1134 1745 de
1155 1701 1285 1773 qua
1319 1669 1543 1770 supra)
1582 1675 1658 1738 ad
1683 1671 2045 1766 motamsunt
2077 1676 2400 1768 aptissima‚
2433 1675 2756 1768 quoniam
2789 1671 3045 1773 angulis

612 1767 903 1848 'carentia
922 1774 1101 1845 nullo
1125 1771 1465 1845 obstaculo
1480 1767 2013 1842 sufflaminantur.
2061 1768 2220 1843 Inde
2238 1769 2663 1872 proverbium
2685 1770 3048 1867 ‚spbaeraeper

606 1888 766 1972 preci
802 1880 1017 1953 icium,
1053 1899 1291 1984 nempe
1332 1869 1660 1945 volvitur,
1691 1897 1818 1969 pro
1859 1896 1981 1957 eo,
2018 1869 2204 1968 quod
2238 1873 2328 1942 est
2362 1895 2729 1944 currentem
2745 1874 3044 1946 incitare.

618 1974 741 2049 ob
807 1999 926 2043 ane
951 1997 1171 2043 motus
1191 1970 1571 2043 facilitatem
1585 1970 1764 2068 pssae,
1795 1968 2071 2070 globi&
2089 1968 2349 2071 globuli
2367 1977 2521 2043 varii
2539 2016 2560 2052 ‚
2597 1969 2840 2068 quibus
2858 1973 2927 2043 in
2940 1970 3050 2044 di-

617 2072 811 2149 versis
844 2070 1155 2142 ludorum
1191 2072 1538 2173 generibus
1581 2091 1891 2157 utuntur,
1923 2071 2201 2172 figuram
2224 2069 2419 2144 talem
2446 2097 2783 2172 accepere.
2839 2077 2921 2145 Et
2935 2076 3045 2173 pi-

618 2171 785 2247 lulas
799 2169 1336 2273 Pharmacopolae
1352 2165 1661 2273 globosas
1682 2166 1930 2244 faciunt
1949 2226 1972 2257 ‚
2002 2196 2070 2244 ut
2093 2173 2176 2245 eo
2191 2167 2441 2245 facilius
2457 2173 2758 2274 deglutiri
2775 2172 3046 2275 poffint.

536 2336 557 2347 „„
621 2278 708 2347 Et
745 2270 1013 2344 nodulis
1031 2270 1141 2344 seu
1154 2272 1443 2374 globulis
1462 2275 1787 2345 utimur-in
1805 2269 2088 2347 vestibus
2109 2271 2449 2348 nestendis
2474 2283 2546 2349 &
2563 2271 2889 2350 solvendis
2909 2331 2931 2365 ,
2966 2300 3047 2349 ut

621 2374 952 2477 promtius
968 2370 1152 2458 indui
1168 2397 1369 2472 atque
1392 2376 1534 2444 exui
1551 2396 1818 2471 queant.

724 2528 763 2573 2
783 2527 840 2572 r.
894 2503 1088 2572 Hanc
1125 2502 1319 2571 etiam
1340 2492 1780 2568 mobilitatem
1799 2493 2083 2570 rotunda
2105 2521 2422 2598 corpora,
2462 2496 2617 2574 licet
2634 2526 2772 2573 non
2792 2498 3049 2605 globo..

621 2595 685 2670 sa
707 2654 728 2687 ,
770 2608 1201 2726 participant,
1233 2602 1328 2671 uti
1363 2622 1544 2679 rota,
1592 2596 1772 2669 unde
1791 2601 2028 2669 rotunda
2047 2596 2268 2699 figurae
2288 2626 2578 2681 nornen,
2623 2602 2822 2676 turbo
2842 2657 2864 2689 ,
2894 2626 3042 2674 tro..

621 2700 782 2775 chus
801 2748 823 2779 ‚
859 2709 972 2800 qui
1006 2729 1043 2774 a
1075 2702 1274 2801 τρέχω
1293 2725 1488 2771 curro
1515 2705 1649 2770 διε.
1699 2702 1779 2769 Et
1799 2703 2140 2775 Germanis
2153 2708 2268 2779 rab
2286 2698 2750 2776 substantivum
2771 2727 2988 2791 rotam
3010 2762 3038 2796 ,

617 2797 730 2870 sed
753 2800 1154 2897 adjedtivum
1172 2852 1194 2884 ,
1228 2807 1412 2890 gemb
1430 2844 1453 2887 2
1471 2807 1636 2871 inter
1652 2797 1772 2871 alia
1792 2797 2092 2899 rapidum
2112 2800 2364 2899 &agile
2386 2802 2546 2901 quid
2566 2800 2880 2906 fignificat
2899 2858 2921 2890 ,
2960 2831 3043 2881 ut

621 2905 740 2971 Gr.
757 2904 960 2990 ῥᾴδιον
982 2898 1190 2969 facile.
1243 2903 1423 2968 Hinc
1436 2921 1581 2970 rota
1596 2893 1876 2999 fortunae
1890 2897 2232 3002 affignatur
2247 2953 2268 2987 ,
2306 2899 2653 2997 ςῐᾶάσῐαδ,
2678 2911 2830 3004 quia
2842 2899 3042 3006 paffi..

619 2994 745 3071 bus
779 2994 1104 3100 ambiguis
1136 2994 1403 3068 fortuna
1423 2995 1734 3068 volubilis
1748 3023 1917 3072 errat
1940 3056 1957 3081 ‚
1992 3011 2062 3073 &
2083 3007 2388 3075 manetin
2406 3004 2590 3077 nullo
2613 3030 2786 3079 certa
2808 3029 3040 3080 tenax-
3119 3034 3126 3039 ·

555 3126 561 3132 ·
619 3124 748 3197 que
766 3095 946 3169 loco.
998 3103 1104 3171 Sic
1124 3093 1229 3166 ille
1254 3095 1429 3196 apud
1443 3097 1742 3169 Plautum
1762 3152 1782 3183 ,
1820 3102 1949 3170 Pro
1970 3127 2118 3174 rota
2136 3156 2154 3183 ‚
2185 3106 2429 3201 inquit,
2454 3111 2548 3179 uti
2570 3106 2876 3193 melicet3
2900 3104 3041 3179 hoc

616 3199 710 3268 est
729 3249 749 3280 ,
782 3192 917 3268 sum
937 3194 1215 3269 versutus
1231 3206 1294 3271 δι
1315 3193 1617 3293 νειίέιείῙίς
1637 3200 1828 3270 instar
1845 3224 2026 3272 rotae.
2082 3205 2294 3274 Etiam
2312 3203 2650 3309 phalangae
2667 3218 2736 3281 &
2758 3205 2900 3283 vasa
2921 3233 3035 3282 ro-

617 3294 823 3374 tunda
840 3296 984 3369 sunt
1001 3351 1022 3384 ,
1057 3321 1129 3369 ut
1147 3293 1397 3371 facilius
1413 3324 1531 3397 per
1546 3321 1785 3372 terram
1808 3308 2004 3373 rotari
2020 3302 2279 3403 poffint.

715 3447 751 3495 2
767 3445 825 3494 2.
877 3422 1188 3518 Denique
1203 3422 1428 3518 globofit
1443 3445 1668 3518 corpora
1694 3451 1832 3497 non
1858 3426 2114 3498 tantum
2134 3421 2396 3498 facilem
2418 3428 2624 3501 habent
2638 3449 2852 3502 motum
2872 3484 2894 3519 ,
2923 3427 3032 3503 sed

609 3528 810 3596 etiam
839 3521 1090 3613 pluribus
1119 3522 1293 3593 modic
1320 3521 1749 3599 admirabilem
1791 3551 1886 3597 ex.
1910 3552 2005 3626 gr.
2023 3524 2266 3625 globus
2291 3527 2392 3600 vel
2427 3552 2574 3601 rota
2594 3556 2732 3605 uno
2751 3529 3034 3605 eodem-

660 3646 739 3693 ue
774 3646 967 3693 motu
989 3644 1293 3695 movetur
1324 3618 1584 3695 duobus
1612 3622 1905 3699 motibus
1925 3631 2307 3713 contrariis,
2343 3625 2576 3702 sursum
2598 3656 2673 3702 ac
2685 3629 2988 3708 deorsum
3008 3685 3030 3714 .

603 3647 656 3794 3
687 3716 1601 3826 circumferentiamspestes3
1639 3750 1946 3821 movetur
1981 3731 2141 3799 item
2176 3752 2322 3801 rota
2345 3729 2504 3802 dum
2526 3732 3030 3829 progreditur&

601 3818 773 3894 linea
788 3847 979 3894 curva
993 3827 1162 3895 circa
1179 3848 1363 3896 axem
1381 3821 1632 3897 &linea
1648 3828 1826 3898 recita
1847 3823 2203 3915 secundum
2219 3826 2704 3932 longitudinem
2723 3836 2860 3902 viae.
2881 3824 3030 3907 Imo

602 3947 844 4033 corpus
880 3921 1086 4027 figura
1116 3920 1419 4026 sphaerica
1446 3922 1794 4027 praeditum
1815 3981 1837 4023 ,
1879 3926 2042 4003 dum
2068 3928 2459 4003 circulariter
2478 3933 2920 4019 convertitur,
2958 3933 3033 4005 id

2886 4031 3040 4120 cst,
