3391 4418
542 170 711 256 272
1110 122 2281 210 ·D1s1³u·ra·r10

553 297 559 304 -
649 280 763 332 21.
810 243 1147 357 QXXI.
1200 240 1342 311 Cur
1376 228 1590 304 aestate
1617 249 1697 296 ac
1714 220 1828 295 sub
1845 246 2017 293 zona
2038 218 2282 293 torrida
2297 240 2477 310 mare
2497 209 2707 304 salsius
2722 220 2983 319 expen‘q

557 372 748 432 mur?
781 353 979 448 Relp.
1007 343 1192 434 Quia
1220 332 1317 407 sol
1347 326 1671 403 continuo
1705 349 1783 398 ex
1802 318 2131 423 superficie
2156 325 2344 390 maris
2366 322 2698 392 tenuiores
2719 318 2983 391 dulcio·

560 454 785 555 resque
803 472 1015 549 partes
1035 440 1252 512 educit
1267 485 1290 522 ,
1329 441 1401 506 &
1426 431 1494 500 in
1524 451 1797 527 vapores
1814 429 1948 524 agit
1963 475 1986 509 ,
2015 420 2252 494 reliffis
2273 415 2434 489 salfis
2455 426 2526 489 δε
2549 417 2989 494 craffioribus.

563 567 793 658 Qare
814 547 932 620 ubi
945 542 1090 621 solis
1109 537 1289 611 :estus
1308 531 1400 605 est
1415 526 1867 602 vehementior
1888 567 1913 600 ‚
1938 521 2154 623 plures
2171 514 2489 616 ejusmodi
2505 544 2785 619 vapores
2806 526 2990 592 cxci-

564 677 782 732 tantur
800 702 822 735 ‚
856 648 970 746 qui
991 649 1055 713 in
1072 661 1314 738 aquam
1334 629 1579 705 redacti
1596 652 1734 698 non
1754 621 2000 724 semper
2018 621 2262 695 eodem
2289 616 2667 691 relabuntur
2681 619 2857 690 unde
2881 647 2994 694 ve-

566 771 812 832 nerunt
830 800 853 833 ,
890 743 1001 815 sed
1015 742 1404 842 plerumque
1430 724 1735 800 aliorsum
1755 722 2159 796 deferuntur.
2195 725 2391 791 Hanc
2411 716 2561 790 solis
2581 729 2652 791 &
2667 744 2993 814 aquarum

566 872 870 929 naturam
885 867 1037 917 cum
1060 835 1469 911 attenderent
1488 829 1773 926 AEgyptii
1786 876 1808 907 ,
1841 824 1878 894 ὲ
1899 822 2073 894 Nilo·
2089 818 2176 892 ad
2194 821 2500 892 diurnum
2517 841 2756 917 potum
2779 825 2997 893 noctu

574 946 980 1058 potissimum
998 935 1389 1013 hauriebant
1402 953 1640 1028 aquam
1659 976 1682 1013 ,
1699 921 2067 1024 priusquam
2085 919 2202 1008 sol,
2226 919 2414 1018 quod
2435 924 2686 992 tenuius
2706 917 3000 991 dulcius-

574 1078 706 1155 que
720 1046 932 1122 foret‚
965 1035 1339 1113 extraxisti-t.
2377 1041 2382 1046 ·

581 1193 587 1198 ·
674 1178 711 1224 2
726 1176 788 1222 2.
840 1151 937 1235 Q.
977 1147 1039 1214 X
1052 1144 1157 1212 XI
1172 1143 1225 1210 1.
1276 1139 1418 1210 Cur
1436 1153 1605 1228 aqua
1617 1152 1759 1224 quae
1775 1127 1907 1225 igni
1929 1120 2217 1223 appofita
2233 1118 2346 1190 diu
2363 1116 2575 1190 bulliit
2592 1162 2616 1195 ‚
2647 1115 3004 1217 postquam

492 1315 507 1324 .
567 1235 952 1350 'refrigerata
985 1240 1118 1326 est,
1151 1231 1423 1309 celerius
1457 1225 1842 1329 congelatur
1862 1277 1884 1310 ‚
1927 1222 2127 1320 quarn
2165 1216 2402 1319 frigida
2427 1229 2497 1292 δε
2526 1217 2772 1290 cruda?
2800 1214 3008 1317 Resp.

578 1356 764 1450 Qia
796 1338 1168 1420 tenuiffimae
1193 1345 1334 1435 ejus
1357 1354 1574 1431 partes
1609 1349 1887 1426 quaeque
1900 1344 2196 1493 cpropter
2219 1316 2602 1391 inflectendi
2620 1313 3005 1390 facilitatem

581 1444 865 1525 maxime
886 1440 1337 1543 congelationi
1351 1428 1677 1516 resistunt,
1712 1451 1789 1497 ex
1805 1449 1881 1495 ea
1950 1447 2061 1493 um
2088 1419 2274 1512 bullit
2295 1417 2738 1519 egrediuntur.
2767 1517 2772 1521 ι

1199 1608 1574 1708 Appendixde
1600 1608 1807 1696 Aquis,
1840 1598 2126 1694 vaporibus
2146 1642 2171 1675 ‚
2204 1602 2405 1669 ventis.

680 1759 805 1831 23.
854 1736 1046 1833 QX
1072 1738 1131 1805 X
1150 1731 1291 1802 111.
1343 1729 1485 1800 Cur
1525 1715 1915 1794 madefactis
1952 1718 2108 1789 velis
2160 1716 2452 1792 velocius
2496 1715 2809 1813 procedit
2835 1724 3055 1792 navis.

584 1839 797 1943 quam
826 1835 1147 1910 exsiccatis
1166 1847 1188 1901 ἓ
1221 1821 1425 1924 Resp.
1446 1824 1629 1922 Qa
1651 1842 1821 1914 aqua
1841 1818 2031 1915 stipat
2047 1825 2117 1890 δε
2139 1816 2383 1889 claudit
2409 1814 2705 1888 velorum
2722 1845 2924 1920 poros
2948 1827 3022 1891 δε

593 1961 848 2024 meatus
868 1988 890 2021 ‚
921 1929 1094 2005 unde
1133 1929 1266 2014 baec
1306 1925 1511 2022 magis
1540 1915 1856 2018 obsistunt
1890 1941 2128 2005 vento,
2178 1912 2544 1991 transeundi
2558 1911 2939 1992 facultatem
2958 1921 3022 1990 ei

596 2035 929 2111 minorem
953 2021 1391 2101 concedendo
1411 2066 1436 2098 2
1473 2027 1794 2116 majorem
1820 2043 1943 2115 pro
1996 2016 2267 2091 ellendi.

703 2158 813 2230 ²4·
869 2134 1066 2233 QX
1089 2129 1295 2202 XIV.
1325 2120 1659 2195 Potest—ne
1680 2043 2083 2203 naturalibus
2102 2117 2184 2190 de
2206 2115 2405 2192 causis
2427 2117 2718 2193 accidere
2743 2169 2766 2202 ,
2791 2138 2865 2188 ut
2887 2112 3032 2190 san-

604 2240 800 2341 guine
833 2231 1058 2333 pluat?
1099 2220 1299 2325 Resp.
1318 2225 1767 2323 Sanguineum
1813 2219 2109 2291 colorem
2137 2220 2358 2320 pluvia
2387 2218 2576 2294 facile
2603 2222 2896 2317 acquiret
2924 2270 2946 2301 ‚
2982 2212 3034 2287 fi

590 2338 827 2440 genita
841 2328 1041 2404 fuerit
1064 2323 1102 2397 ὲ
1123 2322 1476 2426 vaporibus
1493 2328 1607 2421 qui
1628 2315 1927 2392 exhalant
1948 2319 1985 2392 ὲ
2006 2320 2172 2392 locis
2188 2325 2396 2394 minio
2413 2345 2525 2394 aut
2545 2319 2801 2393 rubrica
2821 2316 3037 2389 abun-

586 2431 906 2511 dantibus
928 2483 948 2518 ,
966 2424 1324 2530 quomodo
1339 2429 1525 2497 nixin
1542 2424 1702 2495 Arm
1711 2425 1852 2491 cuia
1868 2419 2269 2521 quandoque
2287 2423 2375 2494 est
2396 2421 2590 2496 rubra
2602 2468 2625 2503 ,
2644 2420 2738 2494 ob
2753 2424 3034 2491 minium

592 2558 749 2637 quo
795 2538 977 2643 regio
1025 2528 1139 2600 illa
1158 2524 1489 2613 abundat3
1528 2518 1632 2595 vel
1649 2545 1726 2623 eit
1748 2518 2430 2623 locisianguinolentis
2494 2524 2591 2597 ost
2616 2546 2881 2623 magnas
2903 2517 3034 2591 ho·

589 2645 864 2719 minum
886 2629 1139 2715 clades3
1172 2629 1278 2703 vel
1299 2623 1716 2726 sanguineum
1740 2619 2041 2694 colorem
2058 2621 2327 2695 induere
2345 2551 2544 2723 pollit
2556 2645 2827 2724 propter
2849 2617 3036 2691 calo-

504 2726 523 2745 ’
607 2764 749 2810 rem
783 2732 931 2806 solis
951 2728 1272 2802 intensum
1291 2781 1313 2814 ,
1354 2720 1711 2825 quomodo
1726 2717 2233 2796 febricitantium
2252 2729 2448 2797 urinae
2472 2777 2494 2810 ,
2530 2728 2690 2796 item
2708 2725 2895 2819 aquis
2912 2744 3037 2821 per

596 2832 865 2906 ‚calidos
883 2834 1133 2902 cineres
1150 2826 1500 2927 percolaris
1513 2821 1723 2895 rubor
1737 2822 2152 2896 conciliatur.

590 2979 599 2989 .
651 3010 659 3017 ⁹
712 2951 831 3022 25,
881 2937 1078 3027 QX
1093 2934 1157 2997 X
1172 2933 1254 2999 V.
1307 2930 1445 2995 Cur
1463 2921 1699 2994 halitus
1727 2927 1858 2995 oris
1879 2976 1902 3010 ,
1932 2922 2131 2996 sudor
2163 2928 2320 2994 item
2336 2922 2689 2995 calentium
2709 2947 3038 3019 equorum

590 3033 822 3131 ‘magis
849 3028 1104 3101 videtur
1124 3022 1338 3094 hieme
1363 3020 1566 3119 quam
1593 3022 1804 3094 aestate
1826 3025 1860 3096 ζ.
1880 3020 2079 3124 Resp.
2094 3024 2432 3123 Tempore
2449 3019 2684 3117 hiemis
2705 3021 2939 3095 halitus
2962 3032 3037 3098 δε

594 3129 814 3205 ⁴sudor
830 3149 1103 3228 propter
1117 3127 1278 3197 a‘e‘ris
1294 3116 1490 3222 frigus
1506 3117 1711 3220 specie
1731 3119 1908 3194 denfi
1932 3132 2000 3196 &
2021 3120 2280 3197 obscuri
2297 3120 2461 3197 furni
2480 3118 2810 3210 crassescit,
2873 3148 3042 3196 uan-

615 3226 845 3326 doque
877 3232 1075 3298 etiam
1113 3229 1178 3294 in
1217 3247 1458 3321 aquam
1489 3215 1892 3302 concrescit,
1928 3225 2066 3296 imo
2103 3220 2435 3295 intensiori
2469 3219 2712 3325 frigore
2730 3149 3038 3297 bartLss&

591 3326 761 3428 ,Pilis
775 3323 1104 3397 adhaerens
1119 3317 1546 3423 congelascit:
1574 3321 1837 3396 Contra
1866 3325 2018 3397 vero
2042 3322 2248 3395 aestate
2266 3345 2542 3424 propter
2558 3335 2614 3425 ej
2624 3322 2848 3398 usdem
2876 3326 3040 3396 ae‘ris

594 3499 603 3505 .
620 3429 911 3502 calorem
932 3422 1266 3524 diffipatur
1285 3431 1355 3496 ὄι
1378 3444 1517 3495 non
1532 3447 1826 3525 apparet.

720 3540 834 3600 26.
886 3529 1075 3625 QX
1093 3529 1157 3597 X
1175 3525 1242 3597 V
1258 3526 1311 3595 1.
1357 3528 1643 3597 Sunt-ne
1673 3522 1891 3623 plures
1923 3545 2199 3620 vapores
2229 3527 2295 3595 in
2327 3535 2467 3613 ae‘re
2492 3525 2705 3598 aestate
2725 3526 2875 3601 cum
2897 3548 3040 3597 non

596 3627 967 3713 'videntur‚
1012 3649 1094 3695 an
1125 3619 1537 3696 verohieme
1557 3677 1580 3710 ,
1613 3624 1766 3703 cum
1802 3619 2145 3695 videntur?
2187 3620 2384 3737 Resp.
2409 3623 2632 3701 Plures
2668 3625 2793 3701 ess'e
2826 3624 3043 3696 hieme

594 3728 849 3826 ,vulgus
883 3730 1190 3825 opinatur
1209 3773 1233 3809 ,
1264 3745 1334 3795 tu
1369 3723 1527 3819 vero
1555 3722 1712 3796 scies
1741 3720 1950 3794 aestate
1984 3721 2200 3823 plures
2232 3729 2353 3801 esse
2375 3781 2397 3813 ‚
2435 3727 2745 3826 quiafieri
2771 3729 3047 3823 nequit,

590 3831 780 3923 ,quin
800 3822 892 3895 sol
911 3822 1197 3897 torridus
1218 3821 1440 3896 aestivo
1462 3846 1765 3926 tempore
1780 3867 1802 3903 ,
1820 3822 2232 3925 longioribus
2249 3827 2485 3903 diebus
2506 3880 2527 3913 ,
2559 3828 2729 3897 lacui
2747 3851 2860 3898 aut
2879 3827 3051 3900 locis

554 4006 562 4021 ,
609 3921 956 4033 paludosis
967 3921 1362 3999 incumbens
1376 3921 1821 4028 multoplures
1837 3949 2118 4027 vapores
2132 3948 2206 3998 ex
2227 3924 2562 4004 iis'elevet.
2600 3923 2802 4025 quam
2827 3924 3054 3998 hieme

2841 4016 2854 4035 ⁴
2887 4022 3053 4100 iude

1298 4246 1339 4270 *l
