3391 4418
619 164 774 236 166
1197 133 2350 221 *nuperi-mo

604 270 773 337 tium
819 250 1192 357 quadruplo
1216 248 1536 350 angustius
1554 240 1802 320 eodem
1818 248 2043 345 primo
2065 298 2087 332 ‚
2120 241 2444 316 neceffum
2469 247 2594 315 crit
2613 297 2634 330 ,
2672 266 2748 316 ut
2769 252 3042 325 materia

604 363 837 436 eadem
871 354 1074 456 duplo
1111 350 1379 423 celerius
1402 372 1751 421 moveatur
1772 353 1839 417 in
1858 342 2373 446 spatio-secundo
2392 399 2413 430 ,
2446 353 2518 417 &
2540 346 2916 449 quadruplo
2935 377 3045 422 ce.

606 463 797 536 letius
810 466 877 530 in
897 454 1104 557 spatio
1127 457 1323 526 tertio
1342 507 1378 532 ,a
1404 449 1603 550 quam
1623 453 1692 519 in
1704 454 1931 547 primo
1949 469 2128 518 mota
2145 440 2287 518 fuit.
2342 449 2494 518 Hac
2517 449 2698 518 enim
2716 454 2972 522 ratione
2991 451 3042 523 (i

607 565 901 637 celeritas
943 578 1166 628 motus
1186 602 1209 637 ‚
1243 553 1603 653 angustiam
1635 550 1774 623 loci
1810 546 2058 646 ubique
2086 544 2316 648 penset
2351 555 2423 620 δε
2458 573 2708 647 aequet‚
2740 549 3043 649 qualibet

606 664 773 735 hora
798 713 823 745 ,
863 658 970 739 die
990 653 1094 730 vel
1107 678 1284 727 anno
1300 648 1690 726 tantundem
1711 656 1995 723 materiae
2009 676 2128 750 per
2148 675 2348 729 unam
2373 646 2546 722 istius
2559 646 2736 750 spatii
2755 676 3040 752 partem,

606 761 808 862 quam
826 785 945 860 per
957 756 1227 827 alteram
1243 810 1262 837 ,
1306 749 1601 828 tranfibit
1620 806 1641 839 ‚
1661 759 1840 825 itaut
1863 753 2129 823 minime
2152 776 2325 851 opus
2341 746 2414 821 fit
2427 774 2539 822 aut
2555 775 2836 824 vacuum
2850 780 3042 827 com·‘

607 857 862 937 minisci
882 914 903 945 ,
939 882 1049 930 aut
1068 852 1656 929 condeniationem
1678 853 2145 926 materiaeistius
2161 850 2528 923 admittere.
2720 870 2723 873 ·

708 988 738 1033 1
755 988 818 1033 2.
875 958 1184 1057 Exempla
1199 955 1587 1055 quotidiana
1600 947 1862 1049 hujusce
1878 949 2430 1054 compensationis
2443 948 2754 1024 habemus
2769 957 2837 1021 in
2862 974 3046 1024 cata-

608 1064 803 1135 tactis
829 1069 894 1134 δε
917 1060 1272 1133 fluviorum
1289 1057 1587 1158 angustiis
1608 1111 1632 1138 ,
1666 1062 1734 1128 in
1753 1054 2021 1158 fiphone
2040 1108 2062 1141 ,
2103 1060 2171 1126 in
2189 1076 2390 1129 vento
2407 1053 2618 1153 prope
2635 1050 2881 1151 templa
2902 1061 3047 1125 &c-

612 1160 730 1235 ubi
769 1156 1020 1232 tardior
1037 1156 1325 1256 ejusdem
1345 1165 1627 1232 materiae
1649 1181 1873 1232 motus
1897 1152 2276 1229 observatur
2291 1160 2358 1225 in
2378 1160 2495 1226 viis
2514 1157 2701 1226 restis
2717 1162 2789 1225 δι
2805 1176 3047 1253 paten-

612 1261 785 1336 tibus
803 1304 829 1338 ‚
863 1259 1217 1332 celeriorin
1236 1257 1523 1358 obliquis
1546 1266 1616 1332 &
1633 1260 1936 1361 angustis.
1979 1261 2087 1330 Sic
2107 1260 2215 1331 a‘e⁴r
2231 1281 2306 1327 ex
2318 1251 2480 1327 folle
2502 1308 2525 1340 ,
2554 1260 2848 1353 quamvis
2860 1250 3046 1328 lente

610 1360 948 1435 claudatur
970 1413 989 1443 ,
1027 1359 1218 1433 valde
1247 1384 1470 1432 tamen
1504 1359 1804 1432 celeriter
1816 1355 2180 1460 egreditur,
2216 1380 2489 1455 propter
2509 1355 2868 1454 angustiam
2882 1358 3047 1432 viae,

607 1488 728 1565 per
748 1486 949 1560 quam
966 1460 1208 1534 tranfit.
1264 1465 1373 1534 Sic
1387 1458 1689 1539 videmus
1710 1486 1948 1558 aquam
1969 1456 2235 1555 alicujus
2253 1456 2430 1528 fluvii
2449 1480 2608 1553 ,per
2630 1476 2931 1554 apertum
2953 1451 3050 1523 ala

607 1589 808 1637 veum
825 1561 1031 1633 libere
1049 1562 1360 1633 fluentem
1380 1585 1515 1633 tam
1529 1562 1658 1632 leni
1680 1588 1758 1630 ac
1780 1558 1973 1632 tardo
1994 1584 2118 1656 pro
2127 1554 2271 1628 vehi
2290 1578 2484 1627 motu
2508 1598 2531 1633 ‚
2569 1577 2642 1626 ut
2656 1558 2759 1626 vix
2778 1551 3049 1625 arundi-

610 1688 766 1735 nem
789 1663 856 1731 in
870 1686 954 1731 eo
972 1656 1342 1735 nascentem
1364 1660 1524 1729 loco
1541 1680 1845 1745 moveat·,
1893 1657 2305 1755 eandemque
2328 1709 2352 1742 ,
2393 1679 2512 1755 per
2530 1654 2849 1755 angustias
2870 1678 3047 1727 cata-

611 1766 940 1835 :aetatum
987 1765 1057 1831 in
1101 1756 1346 1831 eodem
1381 1756 1587 1828 fluvio
1623 1757 2083 1841 exstrutstatum
2118 1755 2622 1829 determinatam
2653 1763 2726 1827 δε
2764 1756 3051 1828 constri-

612 1867 788 1936 &am
807 1908 832 1940 ‚
868 1860 1277 1935 velocissimo
1309 1910 1332 1943 ,
1384 1854 2094 1957 vehementiffimoque
2132 1862 2225 1930 im
2277 1880 2391 1927 etu
2431 1859 2741 1929 maximas
2780 1881 2999 1930 rotare
3015 1872 3050 1936 ,'

611 1963 935 2035 attrahere
955 2013 979 2044 ‚
1018 1958 1387 2057 deprimere
1423 1957 1757 2031 machinas
1771 2015 1788 2043 ,
1838 1956 2075 2056 quibus
2092 1965 2206 2060 opi
2263 1963 2448 2028 cesin
2468 1954 2672 2029 farina
2689 1956 3004 2030 molenda
3020 2008 3049 2045 ,

610 2060 788 2133 ferro
813 2056 1132 2129 cudendo
1151 2110 1177 2146 ,
1220 2053 1514 2129 trabibus
1544 2054 1712 2130 serra
1750 2057 2156 2148 dividendis,
2190 2053 2449 2153 aliisque
2468 2056 2748 2157 opificiis
2769 2064 2862 2131 uti
2876 2083 3049 2131 con-

613 2160 979 2235 suevetunt.
1813 2150 1827 2164 '
2362 2215 2383 2224 -

573 2339 595 2354 ,
711 2286 829 2351 13·
875 2256 1089 2342 Simili
1121 2256 1339 2330 modo
1367 2253 1614 2359 spiritus
1646 2259 1954 2330 animales
1971 2302 1993 2337 ,
2030 2262 2232 2358 quiin
2253 2283 2537 2358 corpore
2558 2257 2936 2357 quiescente
2952 2256 3051 2330 le-

610 2366 783 2434 niter
798 2382 1187 2444 moventur,
1220 2363 1289 2430 in
1302 2357 1429 2432 hos
1453 2357 1555 2435 vel
1579 2358 1727 2434 illos
1752 2357 2078 2432 musculo}
2102 2385 2221 2459 per
2245 2365 2597 2432 nervorum
2619 2360 2933 2462 angustias
2945 2365 3054 2430 in-

610 2463 887 2537 fluentes
906 2506 931 2538 ,
965 2463 1321 2532 maximam
1345 2466 1480 2532 vim
1516 2459 1817 2533 musculis
1856 2461 2149 2534 tribuunt
2167 2507 2192 2539 ‚
2229 2486 2304 2536 ut
2327 2460 2547 2535 videre
2567 2460 2721 2534 licet
2741 2468 2809 2535 in
2828 2459 3050 2546 lucta,

607 2567 1026 2665 projectione
1055 2614 1078 2649 ‚
1127 2559 1583 2636 verberatione
1613 2615 1635 2646 ,
1672 2562 1820 2634 aliis
1853 2591 1932 2635 ue
1968 2562 2466 2637 vehementibus
2497 2565 2799 2663 corporis
2840 2560 3050 2633 nostri

610 2663 907 2739 motibus
923 2717 945 2751 ,
977 2661 1216 2763 quibus
1245 2660 1606 2765 gravissima
1623 2591 2091 2765 dutisflmaque
2115 2665 2242 2735 alia
2255 2688 2535 2765 corpora
2553 2665 2590 2736 ὲ
2608 2665 2774 2737 locis
2793 2658 2917 2732 suis
2938 2684 3048 2733 ex-

609 2765 948 2865 pellimus,
977 2761 1450 2866 confringimus
1473 2815 1495 2850 ,
1529 2763 2002 2838 contundimus
2023 2819 2046 2856 ‚
2086 2763 2300 2841 aliisve
2334 2766 2522 2839 variis
2550 2790 2626 2837 ac
2648 2762 2875 2840 validis
2895 2787 3048 2836 rno-

618 2864 715 2935 dis
737 2888 1270 2935 commovemus.
3039 2854 3048 2862 ’

722 2988 826 3058 ¹4·
883 2966 973 3032 Ex
1000 2966 1074 3031 iis
1092 2987 1235 3059 quae
1256 2958 1572 3033 hactenus
1593 2962 1678 3034 de
1695 2964 2237 3063 compensatione
2261 2977 2571 3039 motuum
2594 2992 2668 3038 ac
2691 2961 3048 3065 spatiorum

614 3060 996 3144 docuimus,
1030 3062 1212 3131 certo
1235 3106 1240 3113 -
1250 3058 1575 3158 probatur
1608 3064 2314 3158 quarundam-materia:
2332 3067 2793 3165 particularum
2815 3064 3048 3138 divifio

533 3186 539 3192 ·
611 3159 956 3240 indefinita
972 3209 995 3244 ‚
1046 3183 1289 3258 nempe
1311 3213 1334 3245 ,
1385 3178 1457 3232 ut
1495 3158 1767 3261 figuram
1805 3161 2102 3236 suam-ad
2128 3162 2639 3238 innumerabiles
2684 3163 3048 3266 spatiorum

613 3264 950 3332 minorum
973 3258 1288 3360 angustias
1320 3259 1838 3332 accommodare
1853 3289 2093 3360 queant
2113 3291 2231 3363 per
2255 3263 2559 3335 ordinem
2592 3263 3005 3340 succeffionis
3021 3317 3047 3353 ,
3092 3301 3101 3310 ·

609 3357 1006 3459 aliquantula
1023 3363 1862 3464 omnium‚quasimaginari
1886 3361 2238 3463 poss'umus,
2260 3367 2539 3463 partium
2559 3366 2597 3436 a
2613 3363 2670 3437 se
2691 3369 2930 3442 mutuo
2949 3388 3056 3439 rc-'

612 3468 947 3537 motione,
973 3484 1118 3558 qua:
1138 3465 1427 3537 remotio
1447 3488 1598 3536 vera
1616 3460 1846 3535 divilio
1866 3463 1979 3533 est.
2026 3460 2158 3532 Sed
2179 3487 2301 3536 nec
2313 3466 2655 3564 particulae
2671 3467 2796 3542 illae
2814 3493 3053 3542 omnes

610 3564 971 3635 enumerari
986 3558 1248 3660 possunt
1269 3615 1293 3650 ,
1342 3587 1564 3662 neque
1584 3561 1930 3636 indefinita
1943 3587 2168 3636 earum
2190 3561 2418 3642 divifio
2452 3573 2477 3643 '2
2528 3594 2666 3667 quo
2685 3574 2887 3671 pasto
2908 3569 3049 3657 fiat,

611 3660 1111 3763 comprehendi.

717 3789 744 3835 1
763 3788 827 3854 5.
876 3763 1047 3832 Non
1084 3785 1305 3836 autem
1350 3785 1564 3838 totam
1601 3769 1942 3838 materiam
1968 3761 2057 3837 fic
2096 3763 2311 3839 dividi
2351 3793 2394 3838 o
2445 3792 2519 3839 us
2541 3768 2632 3839 est
2662 3800 2684 3854 ς
2720 3792 2785 3841 at
2818 3765 3054 3844 sufficit

605 3860 901 3966 partibus
928 3860 1330 3959 majoribus,
1435 3891 1527 3938 uae
1549 3859 1820 3939 manent
1837 3861 2118 3938 indivisae
2148 3916 2171 3948 ‚
2227 3793 2537 3965 quatffam
2562 3861 2909 3938 admisceri
2923 3875 3053 3939 mi..

571 4022 581 4030 .
605 3988 799 4038 nores
817 4021 836 4052 ,
861 3989 1013 4062 *quae
1037 3892 1559 4069 quomodolibet
1576 3965 1636 4041 ie
1652 3963 2083 4050 inflectendo,
2104 3966 2487 4069 compleant-
2499 3983 2796 4041 accurate
2814 3991 3054 4056 ornnes

2738 4067 3014 4172 angulos
3026 4124 3057 4164 ,

1449 4139 1454 4146 ι

1580 4165 1588 4178 Ι
