3391 4418
588 125 746 213 17⁶
1223 88 2345 174 DrsPuraTro
2860 174 2977 185 ..

583 240 714 317 que
737 236 858 314 per
875 204 1075 281 solam
1093 200 1267 278 suam
1289 198 1728 275 ordinariam,
1772 218 1906 295 qua
1928 188 2124 269 rebus
2159 183 2471 265 omnibus
2493 180 2675 259 adest
2686 190 2770 277 A&
2792 190 3048 290 praeest‚

594 319 1070 418 operationem.
1429 368 1436 369 f
1619 321 1657 367 -’
1756 364 1759 369 ,

702 443 731 491 ι
746 424 815 486 6.
870 411 1080 506 Atqui
1095 405 1233 477 duo
1251 401 1514 476 obstant
1537 453 1562 486 ,
1610 396 1748 495 quo
1786 394 2004 467 minus
2024 389 2092 467 id
2113 392 2291 463 redte
2306 386 2674 493 intelligere
2696 397 2769 465 δε
2788 417 2916 492 pro
2935 414 3048 465 ve-

598 545 677 593 ro
715 516 923 586 statim
947 512 1229 605 recipere
1265 499 1582 604 poffimus
1612 527 1630 570 ε
1662 521 1909 577 unum,
1953 490 2133 592 quod
2182 516 2321 564 non
2357 485 2504 563 satis
2535 486 2699 592 pers
2728 495 3046 578 iciamuS,

602 609 959 717 quomodo
1003 610 1259 690 motui,
1312 609 1430 702 qui
1445 595 1750 673 accidens
1771 595 1899 677 est,
1937 620 2078 664 non
2106 587 2499 678 substantia,
2544 617 2639 691 po
2718 616 2747 665 t
2777 589 3046 666 attribui

600 716 931 812 quantiam
969 707 1285 782 alterum,
1344 700 1535 801 quod
1571 694 1838 771 credere
1881 718 2285 793 nequeamus
2309 744 2331 779 ,
2374 699 2816 791 quantitatem
2833 691 3044 770 illam,

606 815 654 887 fi
704 837 832 911 qua
869 807 944 881 sit
985 859 1009 894 ,
1071 830 1184 878 aut
1216 802 1260 876 fi
1310 809 1400 877 ita
1432 794 1822 904 appellanda
1855 847 1877 882 ,
1925 796 2166 869 eandm
2201 789 2452 896 semper
2486 795 2557 865 in
2597 793 2851 867 mundo
2900 819 3050 895 per-

612 935 900 988 manere.
1184 931 1226 975 μ
1627 964 1642 973 -
1758 943 1761 946 -
2140 968 2143 973 .
2412 968 2417 973 .
2632 970 2645 977 ,

722 1039 748 1085 1
766 1038 831 1099 7.
883 1004 992 1081 Ad
1008 1008 1185 1107 prius
1212 1001 1403 1102 quod
1422 1007 1695 1078 attinet,
1743 991 2080 1070 sciendum
2102 993 2197 1064 est
2216 1047 2245 1081 ,
2265 1001 2569 1069 motui&
2582 995 2885 1092 quietieo
2906 986 3053 1063 sen.

611 1117 677 1188 su
696 1109 891 1186 tribui
911 1112 1343 1207 quantitatem
1363 1160 1382 1188 ‚
1435 1130 1576 1201 quo
1595 1097 1795 1199 vulgo
1829 1095 2031 1168 calori
2055 1101 2125 1166 &
2155 1088 2381 1195 frigori
2396 1095 2612 1189 gradus
2654 1088 3053 1194 affignantur

611 1218 649 1289 εὶ
669 1209 960 1289 Medicis
984 1235 1018 1293 ,·
1060 1204 1221 1278 dum
1237 1201 1406 1304 quid
1425 1201 1713 1276 calidum
1734 1195 1838 1273 vel
1867 1190 2180 1295 frigidum
2207 1201 2275 1265 in
2292 1198 2514 1294 primo
2528 1244 2553 1282 ,
2571 1190 2851 1266 secundo
2874 1247 2900 1280 ,
2920 1215 3056 1266 tet-

614 1320 716 1389 tio
739 1321 873 1387 δίε.
898 1305 1108 1411 gradu
1128 1308 1311 1378 aiunt
1329 1360 1348 1390 ,
1451 1331 1546 1378 uo
1565 1295 1730 1376 nihil
1747 1296 1917 1371 aliud
1951 1319 2176 1369 revera
2209 1290 2597 1395 significatur
2627 1345 2651 1379 ,
2687 1290 2883 1391 quam
2904 1318 3064 1365 mo-

613 1439 717 1491 tus
748 1420 820 1486 δε
848 1414 1086 1510 quietis
1101 1404 1205 1482 vel
1223 1414 1354 1491 inte
1430 1432 1500 1477 to
1523 1459 1550 1493 ,
1578 1401 1686 1478 vel
1715 1392 2026 1473 remissio.
2074 1398 2242 1469 Haec
2275 1398 2470 1497 igitur
2505 1392 2819 1488 intensionis
2849 1416 3062 1492 quan-

613 1520 771 1590 titas
810 1535 1034 1584 revera
1054 1513 1381 1582 invenitur
1397 1513 1468 1578 in
1493 1529 1682 1578 motu
1698 1554 1719 1587 ‚
1744 1501 2135 1599 experientia
2154 1494 2309 1566 teste
2329 1547 2353 1581 ,
2406 1501 2478 1567 δε
2498 1493 2537 1568 ὲ
2557 1493 2926 1590 quantitate
2952 1516 3062 1564 ex-

608 1611 902 1709 tensionis,
953 1635 1095 1707 quae
1118 1604 1205 1678 ad
1240 1605 1595 1680 substantiae
1625 1623 1961 1700 corporeae
1982 1591 2463 1696 longitudinem
2485 1647 2509 1680 ,
2549 1588 2963 1669 latitudinem
2985 1599 3062 1667 δε

613 1705 1134 1817 profunditatem
1155 1712 1471 1805 pertinet,
1501 1693 1991 1775 manifestesatis
2011 1696 2436 1794 distinguitur.

721 1838 750 1885 1
768 1813 834 1887 8.
881 1809 1093 1882 Porro
1122 1809 1276 1879 cum
1299 1809 1486 1877 Deus
1499 1803 1635 1904 Tpro
1648 1790 1961 1870 immensa
1981 1790 2087 1865 sua
2108 1791 2414 1894 sapientia
2437 1800 2663 1868 omnia
2683 1817 2872 1885 certo
2884 1818 3063 1895 pon-

619 1911 813 1994 dere,
855 1932 1137 1981 numero
1166 1913 1239 1976 δε
1274 1899 1571 1976 mensura
1605 1895 1877 1983 fecerit,
1937 1894 2289 1971 neceffario
2311 1893 2776 1994 consequitur,
2810 1918 3064 1968 certam

615 2016 818 2083 etiam
839 2006 979 2078 dari
1000 2000 1352 2076 inmundo
1378 2025 1603 2075 motus
1627 2000 2062 2098 quantitatem
2097 2046 2120 2082 ,
2171 2020 2424 2069 certum
2466 1993 2793 2098 graduum
2826 2020 3061 2068 nume-

620 2133 775 2183 rum
803 2158 825 2191 ,
875 2129 1125 2177 certam
1155 2100 1540 2175 intensionis
1553 2095 1943 2173 mensuram.

727 2233 755 2281 1
769 2234 845 2307 9.
896 2209 976 2279 Et
1008 2208 1307 2305 quamvis
1318 2229 1443 2278 nos
1463 2206 1716 2275 rarione
1737 2197 2023 2296 humana
2035 2220 2382 2269 numerum
2402 2205 2475 2286 δε
2494 2192 2859 2270 mensuram
2875 2191 3061 2270 illam

621 2305 862 2406 affequi
878 2329 1279 2405 nequeamus
1299 2357 1321 2390 ,
1372 2301 1562 2377 facile
1584 2326 1805 2376 tamen
1826 2293 2217 2394 aflequimur
2235 2350 2256 2382 ,
2294 2319 2440 2369 eam
2468 2322 2690 2372 revera
2705 2304 2776 2370 in
2799 2295 3065 2376 mundo

622 2410 865 2510 quovis
896 2430 1198 2507 tempore
1223 2405 1482 2477 existere
1506 2457 1529 2490 ,
1566 2425 1760 2502 atque
1801 2409 1922 2492 (ut
1939 2395 2022 2469 de
2052 2394 2338 2478 secundo
2368 2404 2581 2500 capite
2596 2399 2733 2492 jam
2753 2404 3053 2501 agamus)

624 2514 811 2583 omni
831 2514 1031 2582 etiam
1046 2530 1350 2608 tempore
1370 2502 1650 2578 eandem
1667 2524 2052 2604 permanere
2070 2497 2250 2602 possi:
2272 2503 2345 2574 in
2373 2520 2527 2578 toto
2542 2552 2564 2587 ,
2603 2498 2768 2573 licet
2782 2491 3066 2600 inparti-

623 2611 747 2700 bus
760 2617 893 2708 ejus
914 2606 1217 2710 quotidie
1233 2613 1536 2682 varietur.
2564 2683 2571 2688 ψ

716 2738 837 2785 20.
978 2708 1504 2783 uemadmodum
1525 2703 1972 2780 enim-eadem
1989 2705 2280 2801 pecunia:
2311 2698 2562 2780 summa·
2578 2705 2772 2773 inam
2852 2703 2862 2717 '
2948 2723 3065 2772 ma

626 2810 917 2908 quadam
934 2809 1268 2906 republica
1289 2807 1539 2908 semper
1557 2832 1820 2883 manere
1841 2803 2102 2905 potest',
2142 2801 2299 2873 licet
2319 2806 2391 2884 in
2410 2800 2725 2876 membris
2746 2804 2757 2816 ’
2814 2805 2913 2896 ius
2932 2802 3063 2872 rei-

619 2905 900 3009 publicae
923 2907 1227 3004 quotidie
1247 2931 1484 3005 magna
1498 2929 1801 2982 occurrat
1822 2908 2206 2981 munatium
2227 2907 2385 2978 civis
2399 2902 2635 3003 aliquis
2653 2900 2866 2978 modo
2884 2897 3065 3001 plus,

621 3004 839 3079 modo
860 3011 1076 3079 minus
1089 3004 1258 3077 iliius
1269 3011 1568 3105 pecunia
1587 3004 1941 3109 poffideat,
1957 3025 2035 3079 ut
2047 3001 2233 3078 dives
2240 3026 2790 3104 pauperetur„aut
2805 3026 3059 3102 pauper

617 3109 865 3179 ditetur
892 3114 1026 3179 δια.
1059 3111 1152 3179 ita
1173 3127 1394 3178 motus
1432 3102 1665 3179 eadem
1690 3111 2016 3207 quantitas
2033 3104 2365 3204 perpetuo·
2381 3100 2502 3174 esse
2520 3103 2821 3204 potestin
2837 3126 3056 3174 rerum

619 3206 1028 3280 universitate
1050 3260 1072 3294 ,
1120 3203 1364 3284 etiamsi
1400 3234 1548 3308 pars
1580 3219 1722 3310 ejus
1755 3206 1974 3305 aliqua
2000 3227 2173 3284 nunc
2194 3201 2381 3304 plus,
2428 3228 2607 3275 nunc*
2640 3209 2854 3291 miuus
2885 3195 3061 3276 illius

615 3310 961 3409 participet
975 3357 997 3391 ,
1032 3313 1251 3406 &jam
1271 3308 1560 3406 quiescat
1579 3361 1602 3390 ‚
1640 3307 2163 3411 quaepauloante
2184 3299 2669 3376 commota‘fuit
2686 3349 2711 3385 ‚
2733 3302 2838 3377 vel
2858 3308 3059 3375 etiarn

619 3432 854 3481 omnes
894 3405 1257 3504 aliquando
1286 3414 1424 3508 pari
1458 3433 1652 3485 motu
1684 3408 1995 3483 ferantur.
2028 3408 2155 3488 *Sic
2185 3400 2373 3475 idem
2387 3428 2695 3480 numerus
2713 3409 2958 3479 civium
2988 3407 3061 3476 in

496 3600 499 3604 ⁴
614 3507 850 3580 eadem
890 3533 1026 3607 rep.
1051 3507 1350 3581 manebit
1377 3506 1628 3612 semper
1650 3563 1673 3598 ‚
1714 3508 1760 3584 fi
1793 3509 2106 3582 continua
2134 3499 2570 3582 viciffitudine
2615 3528 2724 3579 tot
2751 3504 3062 3582 homines

609 3619 1028 3709 generentur,
1049 3632 1220 3707 quot
1238 3609 1274 3682 ὲ
1296 3613 1598 3684 vivorum
1617 3635 1894 3684 numero
1922 3603 2276 3677 decedunt.
3120 3677 3123 3680 a

716 3733 752 3780 2
771 3734 826 3780 r.
884 3715 980 3782 Ita
997 3704 1040 3779 fi
1059 3735 1297 3810 corpus
1321 3715 1369 3781 B
1394 3709 1601 3812 duplo
1618 3709 1893 3784 celerius
1923 3730 2268 3786 moveatur
2288 3759 2315 3792 ,
2343 3703 2547 3804 quam
2577 3731 2818 3805 corpus
2839 3707 2898 3782 A
2921 3756 2949 3785 ‚
2984 3709 3060 3775 &

611 3832 849 3908 corpus
866 3809 1150 3911 Adupio
1188 3809 1395 3903 majus
1423 3811 1497 3886 fit
1520 3837 1804 3915 corpore
1830 3817 1879 3885 B
1899 3862 1918 3890 ,
1953 3804 2349 3880 tantundem
2372 3795 3069 3905 ,motusiotclligemus

607 3915 680 3982 in
700 3914 959 3984 minore
977 3957 1001 4000 ‚
1031 3915 1444 4017 quantumin
1483 3923 1769 4017 majore.
1814 3914 2005 3990 Nam
2035 3905 2331 4008 fimajus
2348 3902 2514 3985 illud
2543 3907 2627 3975 ia
2646 3901 2819 3986 duas
2834 3895 3058 4073 patffes

2498 4011 2523 4034 ⁶
2766 4025 2947 4105 aequa
2976 4027 3049 4076 es
