3391 4418
578 110 808 183 .126
1261 97 2363 182 nupera-rm>
2820 176 2823 179 Α

563 284 566 285 ⁷
632 208 827 284 semel
847 210 1104 283 existere
1126 200 1396 309 poffinjt.
1430 212 1503 282 si
1518 205 1783 310 poffunt
1797 209 2057 281 existere
2076 259 2099 293 ,
2137 206 2350 308 plures
2362 225 2581 277 retum
2600 201 2869 277 existent
2890 206 3045 299 uni-

584 374 590 379 .
631 308 953 385 verfitates
973 340 992 383 ε
1019 329 1284 408 (rerum,
1302 316 1593 408 inquam,
1612 333 1989 397 creatarum.
2010 308 2174 378 Non
2194 311 2372 378 enim
2390 304 2659 378 existunt
2675 303 2792 376 nifi
2814 326 3046 380 creatae

630 406 903 499 fuerint,
941 422 1009 485 &
1032 408 1353 509 quamdiu
1376 407 1687 487 creabiles
1710 410 1964 485 tantum
1987 408 2395 509 appellantur
2412 451 2434 486 ,
2456 429 2531 478 ut
2551 403 2685 481 dici
2705 431 3043 505 nequeunt

515 580 520 585 ,
627 513 885 584 existere
906 538 925 580 ε
960 514 1051 583 ita
1070 536 1192 582 nec
1210 512 1438 609 aliqua:
1456 563 1478 596 ,
1511 536 1633 583 nec
1650 509 1866 583 multae
1881 554 1903 589 ‚
1924 526 2051 581 'nec
2071 503 2372 605 universe
2394 511 2718 579 nominari
2732 515 3040 604 queunt.)

627 611 816 709 quod
854 611 1246 712 impoffibile
1274 621 1345 684 &
1363 609 1953 683 contradiCtorium
1966 606 2086 681 esse
2109 614 2305 682 toties
2318 631 2495 678 nnnc
2510 612 2848 681 evicimus.
2902 608 3048 681 Ne-

627 736 761 809 que
798 710 906 781 hic
926 710 1127 783 ullum
1145 736 1601 812 argumentum
1622 709 1902 810 produci
1924 766 1939 791 ,
1975 707 2167 781 sedid
2188 706 2375 808 quod
2395 712 2462 777 in
2479 712 2807 806 principio
2827 703 3052 807 quaefi-

632 831 776 882 tum
804 807 929 882 fuit
961 810 1269 883 duntaxat
1298 818 1435 911 peti
1466 835 1579 884 aut
1619 812 1809 909 quod
1831 810 1967 884 aliis
1989 832 2180 882 antea
2196 805 2408 882 verbis
2422 805 2779 906 expreffum
2797 830 2932 880 erat
2945 834 3051 880 re-

607 986 616 1009 2
629 917 766 1011 peti
787 909 1008 984 video.
1962 986 1967 993 ,
2154 920 2159 925 ’
2702 920 2707 925 ’

735 1036 853 1081 22.
906 1016 1307 1114 Opponatur
1336 1037 1406 1107 4.
1447 1018 1515 1085 Si
1544 1037 1621 1082 ex
1642 1009 1780 1112 ipso
1802 1011 2073 1081 nomine
2097 1017 2169 1082 &
2190 1010 2471 1078 notione
2489 1004 2731 1079 Mundi
2756 1056 2782 1091 ,
2812 1026 3053 1104 utpote

600 1192 609 1199 ‚
632 1135 846 1183 rerum
871 1115 1248 1208 Vniverfitatis
1261 1155 1285 1187 ³
1322 1135 1452 1183 tam
1468 1112 1558 1182 est
1572 1109 1978 1183 manifestum
1995 1162 2016 1195 ,
2037 1133 2175 1181 non
2194 1105 2374 1208 posse
2392 1105 2608 1208 plures
2628 1104 2768 1178 dari
2795 1134 2811 1177 ε
2832 1104 2948 1202 qui
2968 1103 3050 1176 fit

628 1215 827 1312 igitur
841 1262 863 1295 ,
894 1213 1083 1309 quod
1103 1212 1276 1283 adeo
1290 1217 1482 1311 pauci
1497 1209 1630 1282 hoc
1647 1210 1867 1282 videre
1890 1207 2201 1281 hackenus
2218 1212 2576 1307 potuerint,
2590 1204 2779 1305 quod
2798 1202 3049 1277 Mundi

624 1316 948 1383 unitatem
969 1313 1004 1383 ὲ
1028 1315 1302 1385 Naturae
1318 1311 1570 1384 lumine
1590 1309 2031 1384 demonstrare
2047 1312 2453 1405 nequiverint
2473 1359 2495 1393 ,
2528 1308 2668 1381 imo
2687 1303 3048 1377 indemons-

629 1408 952 1482 strabilem
982 1410 1277 1511 plerique
1308 1437 1541 1484 omnes
1562 1411 1995 1494 crediderint,
2029 1410 2207 1505 quod
2231 1405 2604 1506 poffibilem
2620 1411 2699 1495 M
2709 1403 3050 1487 nudorum

630 1509 1070 1608 pluralitatem
1096 1534 1201 1585 tot
1223 1518 1511 1609 tantique
1535 1508 2012 1609 Philosophiae
2036 1509 2376 1607 Theologi
2396 1500 2861 1577 defenderint?
2903 1501 3049 1576 Ad-

629 1634 800 1680 eone
821 1608 1233 1684 evidentibus
1257 1609 1562 1682 obsistere
1581 1635 1825 1707 queant
1844 1614 1957 1681 viri
1979 1607 2257 1680 multum
2277 1606 2515 1678 eruditi
2541 1624 2562 1677 ὶ

732 1734 770 1778 2
786 1734 815 1800 3
829 1762 847 1781 .
895 1707 1091 1809 Resp.
1120 1741 1174 1783 1.
1213 1714 1429 1791 Etiam
1444 1735 1588 1805 quae
1603 1734 1720 1807 per
1739 1708 1797 1779 st:
1818 1731 1979 1779 nota
1998 1704 2138 1779 sunt
2155 1705 2544 1792 attendenti,
2563 1709 2633 1774 in
2654 1701 2934 1775 dubium
2948 1728 3054 1773 re-

631 1814 855 1879 vocari
869 1809 1131 1908 poss'unt
1157 1806 1369 1893 abiis,
1408 1812 1521 1904 qui
1543 1808 1758 1880 minus
1773 1804 2205 1880 attendunt&
2224 1805 2425 1877 levius
2448 1831 2584 1876 rem
2608 1802 3052 1876 considerant.

631 1909 759 1981 Vir
786 1905 1027 2008 sapiens
1064 1906 1252 1979 facile
1280 1905 1815 1979 demonstraverit
1852 1905 2214 1978 attendenti
2249 1906 2335 1978 ad
2364 1905 2433 1976 id
2448 1903 2640 2002 quod
2661 1909 2855 1977 Deus,
2867 1906 2957 1974 est
2972 1928 3052 1974 ac

633 2009 843 2081 citur,
871 2013 1173 2093 nimirum
1206 2010 1335 2077 Ens
1366 2001 1611 2078 summe
1688 2008 2002 2080 erfectum
2024 2051 2049 2084 ‚
2092 2005 2306 2105 plures
2339 2006 2461 2077 effi:
2494 2010 2682 2085 Deos
2720 2000 3059 2076 contradi-

634 2108 925 2175 &ionem
942 2106 1275 2177 involvere
1295 2102 1608 2176 manifesti
1666 2131 1888 2179 imam.
1923 2109 2001 2176 Et
2022 2129 2239 2177 tamen
2255 2111 2366 2202 qui
2384 2106 2598 2205 plures
2620 2111 2807 2177 Deos
2829 2104 3058 2177 colue-

611 2207 764 2292 rint
791 2211 855 2274 in
895 2203 1256 2278 cultiffimis
1291 2209 1488 2278 etiam
1523 2205 1903 2279 nationibus
1925 2202 2127 2292 fuere,
2197 2203 2388 2306 Qid
2411 2224 2432 2276 ἒ
2467 2205 2657 2304 quod
2681 2206 2850 2279 inter
2879 2200 3053 2307 ipsos

638 2301 1047 2379 Christianos
1063 2306 1386 2388 exstitere,
1410 2304 1590 2378 ficuti
1614 2306 1698 2380 de
1718 2306 2039 2380 Okkamo
2059 2359 2081 2392 ,
2107 2305 2409 2379 Gabriele
2426 2313 2494 2378 δε
2518 2305 2879 2379 Guilielmo
2896 2314 3054 2381 Var-

615 2407 1003 2504 accepimus
1020 2460 1042 2494 ‚
1083 2411 1196 2504 qui
1217 2402 1328 2477 etfi
1356 2404 1809 2479 consenserunt
1823 2433 2026 2479 unum
2042 2406 2296 2479 tantum
2313 2405 2433 2479 effe
2449 2411 2671 2479 Deum
2691 2459 2714 2494 ,
2731 2408 3052 2479 existima-

633 2529 788 2588 runt*
803 2526 1040 2598 ¹tamen
1053 2507 1276 2582 id-uon
1298 2504 1477 2607 poffi:
1496 2507 1772 2579 naturali
1790 2513 2041 2579 ratione
2065 2506 2317 2580 ostendi
2332 2553 2357 2586 ,
2372 2577 2383 2583 ,
2401 2531 2468 2580 at
2482 2505 2695 2581 solum
2709 2532 2785 2580 ex
2806 2508 3053 2592 revela-

635 2613 818 2698 tione
850 2605 1305 2709 scripturarum
1346 2605 1671 2709 cognosci.
1718 2607 1908 2685 Cum
1925 2619 2144 2680 tamen
2160 2633 2374 2681 revera
2389 2605 2814 2699 nonaClualis
2832 2595 3050 2702 modo

631 2712 764 2778 Dei
780 2713 1029 2796 unitas,
1059 2706 1164 2782 sed
1194 2708 1479 2805 plurium
1524 2734 1798 2808 quoque
1835 2706 2311 2809 impoffibilitas
2334 2705 2658 2787 ‚naturali
2674 2713 2938 2789 rationis
2948 2705 3058 2792 lu-

623 2811 811 2876 -mine
850 2807 1276 2879 demonstrari
1304 2832 1525 2904 queat.
1576 2810 1675 2882 Ut
1708 2807 1977 2880 tandem
2010 2835 2164 2883 cum
2207 2814 2442 2881 Bo‘e'tio
2479 2803 2666 2878 fateri
2704 2833 3047 2910 cogamur:

613 2909 950 2984 ¹comm‘unes
976 2907 1076 2999 effe
1109 2908 1393 2977 nonnullas
1423 2911 1604 2980 animi
1617 2910 1988 3001 conceptiones
2003 2910 2079 2990 ψ’
2090 2909 2262 3003 perse
2277 2921 2434 2979 notas
2455 2907 2894 3002 apudfizpientes
2912 2929 3054 2994 tm-

631 3000 784 3074 ticm.
853 2998 1167 3090 Profecto
1191 3009 1367 3096 enim
1386 3002 1675 3103 plutimae
1692 3012 1990 3098 veritates
2010 3000 2142 3077 sola
2159 3010 2524 3079 attentione
2548 3006 2666 3098 dili
2712 3013 2845 3080 enti
2863 3003 3053 3094 inda·-

632 3107 888 3200 gatoti,
922 3100 1259 3198 clarissime
1287 3100 1740 3191 innotescunt,
1772 3131 1917 3201 quae
1953 3106 2036 3176 ab
2065 3106 2200 3178 aliis
2218 3035 2794 3206 negligentior·i{us
2816 3103 3054 3182 minus-

632 3226 762 3299 que
778 3208 1036 3273 attentis
1053 3199 1222 3292 nulla
1244 3229 1530 3302 unquam
1551 3210 2052 3278 ratiocinatione
2071 3203 2212 3275 satis
2230 3203 2736 3305 cognoscuntur.

737 3327 852 3391 24.
905 3288 1101 3400 Resp.
1125 3328 1182 3371 2.
1221 3306 1360 3374 Cur
1388 3303 1600 3402 plures
1631 3303 1932 3379 Mundos
1965 3305 2225 3374 existere
2251 3304 2430 3403 posse
2465 3310 2581 3376 viri
2612 3313 2810 3380 etiam
2850 3313 2941 3409 pii
2973 3330 3051 3377 ac

636 3397 822 3473 docili
860 3396 973 3470 fibi
1004 3396 1415 3499 persuaserint
1434 3456 1456 3487 ,
1490 3400 1669 3476 causa
1698 3411 2017 3504 praecipua
2044 3402 2169 3488 est,
2199 3403 2386 3500 quod
2400 3430 2537 3475 non
2552 3403 2693 3480 latis
2710 3412 3056 3479 attendentes

633 3499 721 3572 ad
746 3506 877 3573 vim
913 3509 981 3572 &
1006 3505 1354 3572 notionem
1376 3504 1655 3582 Mundi,
1690 3527 2007 3602 quatenus
2028 3527 2175 3574 vere
2196 3528 2387 3577 notat
2408 3531 2623 3578 rerum
2640 3505 3000 3580 universum
3015 3507 3055 3579 ὲ

636 3606 793 3673 Deo
813 3599 1155 3697 conditum
1176 3654 1196 3686 ,
1217 3604 1284 3671 in
1308 3598 1429 3673 hae
1447 3602 1797 3699 quaestione
1816 3604 1900 3674 ad
1920 3605 2193 3674 Terram
2217 3603 2618 3704 potiffimum
2645 3597 3054 3708 respexerint.

635 3702 818 3773 Nam
855 3725 1188 3797 utcunque
1205 3704 1397 3773 initio
1416 3707 1816 3774 tractationis
1833 3701 1949 3775 suae
1970 3728 2184 3775 veram
2208 3705 2449 3779 Mundi
2472 3705 2926 3779 definitionem
2950 3729 3053 3788 aa·

638 3798 918 3873 tulissent
941 3854 959 3884 ‚
988 3802 1214 3900 postea
1252 3825 1469 3897 tamen
1499 3801 1582 3873 de
1614 3808 1857 3900 unitate
1884 3802 2122 3876 Mundi
2229 3811 2488 3878 cntesin
2507 3831 2655 3876 vera
2673 3807 3055 3900 Mundino-

636 3907 815 3973 tione
838 3906 1122 3975 immota
1143 3924 1363 3974 mente
1383 3929 1524 3978 non
1535 3904 1957 4004 perstiterunt
1972 3958 1993 3994 ,
2012 3903 2122 3976 sed
2140 3933 2174 3978 a
2251 3905 2582 4008 vulgarem
2600 3913 2670 3983 δε
2687 3907 2724 3978 a
2743 3904 3052 4007 praej-udi-

2897 4023 3046 4077 cat-2
