3391 4418
625 175 789 287 364.
1125 145 2575 257 Coxror't'rsnTAuutE
2786 253 2796 260 .

616 283 901 366 animal,
937 276 1131 383 quod
1183 301 1501 354 vocamus
1550 277 1966 354 Hominem,
2001 285 2531 367 componerent,
2567 277 2730 336 cum
2782 282 2937 334 cura
2961 267 3047 342 δε

619 378 1309 482 attentionesmgulari
1335 375 1647 475 deinceps
1677 367 2146 473 inquirendum
2168 366 2284 438 est.

727 513 854 588 15„
885 480 1205 558 Necsane
1216 477 1580 580 judicarem
1601 473 1671 547 id
1697 473 1839 546 fieri
1860 461 2138 573 potuiss'e
2160 519 2182 554 ‚
2205 462 2322 538 nifi
2336 460 2569 537 scirem
2582 467 2815 539 Deum
2838 469 3045 567 Opti.

622 615 811 665 mum
851 589 1219 663 Maximum
1239 633 1261 667 ,
1283 585 1396 679 qui
1433 587 1501 652 &
1544 600 1783 676 corpus
1803 582 1874 645 &
1894 592 2185 643 mentem
2202 570 2470 651 creavit,
2495 588 2632 638 tam
2649 565 2775 639 effi:
2791 563 3047 668 sapien-

626 714 765 765 tem
783 744 805 778 ,
832 713 905 763 ut
937 684 1040 760 vel
1065 681 1346 754 maxime
1388 676 1637 753 diversa
1666 673 1754 747 ad
1789 696 1993 746 unum
2033 664 2376 769 redigendi
2397 664 2678 738 modum
2703 670 2996 742 invenire
3015 716 3060 751 ,ν

625 815 892 889 tamque
910 805 1263 889 potentem
1282 833 1305 867 ,
1343 801 1417 853 ut
1438 774 1885 881 sapientissime
1906 777 2271 872 cogitatum
2297 762 2613 842 effestum
2640 763 2796 842 dare
2817 764 3042 843 value-

512 901 517 902 ’
627 897 737 962 tit.
822 911 833 918 ·

732 995 844 1062 16.
894 975 1271 1083 Antequam
1306 979 1462 1054 vero
1482 973 1982 1079 progrediamur
2007 967 2310 1048 ulterius,
2354 991 2433 1040 ex
2446 974 2581 1063 jam
2604 964 2794 1045 dictis
2810 960 3047 1039 obser-

629 1106 820 1163 vetur
837 1137 859 1171 ,
886 1089 1053 1155 inter
1069 1085 1339 1182 proptia
1356 1080 1523 1151 illius
1538 1076 2031 1172 conjunctionis
2053 1067 2198 1154 vel3
2224 1090 2297 1141 ut
2312 1064 2678 1165 loquuntur
2695 1111 2718 1144 2
2750 1069 3045 1152 unionis,

631 1213 761 1288 qua
778 1208 1013 1284 corpus
1034 1190 1106 1256 δε
1129 1187 1344 1253 anima
1366 1185 1434 1250 in
1451 1179 1754 1250 Homine
1783 1174 2299 1254 connesstuntur,
2325 1174 2613 1267 primum
2641 1163 2764 1240 esse
2787 1218 2812 1252 ,
2845 1162 3041 1265 quod

626 1289 861 1361 nuuain
878 1304 1069 1355 rerum
1085 1302 1296 1355 natura
1322 1277 1629 1374 compositio
1645 1326 1669 1361 ,
1705 1295 1817 1366 qua
1836 1273 2062 1364 quidem
2088 1269 2227 1339 adeo
2242 1265 2517 1362 araafit,
2537 1284 2932 1342 extremum
2943 1266 3045 1337 ds·-

632 1387 795 1484 verfiz
814 1384 1058 1455 babeat.-
1092 1407 1240 1480 quae
1281 1405 1382 1453 res
1412 1374 1719 1480 praeclaro
1747 1370 1986 1447 divinae
2007 1390 2145 1442 tum
2165 1365 2528 1469 sapientiae‘,
2573 1369 3044 1467 tumpotentiae

635 1483 832 1562 nobis
854 1505 1242 1584 argumento
1262 1480 1375 1554 est.
2583 1471 2595 1478 ’

1573 1662 1902 1748 (ΞΑΡ.
2022 1582 2218 1743 ν..

821 1857 989 1927 Non
1003 1845 1238 1956 igitur
1258 1838 1633 1945 Hominem
1649 1836 1865 1915 nimis
1884 1841 2149 1916 Unum
2163 1827 2688 1943 comtpiendum
2700 1822 2858 1938 effeg

654 2015 716 2059 1.
840 1983 1009 2058 Llud
1040 2005 1175 2078 quo
1225 2005 1306 2050 ue
1339 2002 1416 2048 ex
1453 1974 1666 2048 modo
1704 1965 2157 2049 demonstratis
2181 1969 2585 2050 addiscatur,
2621 1983 2762 2043 non
2791 1966 3060 2070 effeni·

674 2163 679 2169 ,
785 2157 795 2165 ,
840 2088 982 2157 miae
1014 2087 1166 2175 cuju
1194 2077 1347 2162 dam
1373 2073 1637 2147 unitatis
1660 2099 1988 2177 conceptu
2009 2073 2094 2148 fic
2118 2096 2331 2147 totum
2354 2076 2719 2144 Hominem
2740 2073 3069 2168 cogitan-

645 2182 835 2264 dum,
857 2204 931 2254 ut
997 2183 1230 2251 artium
1250 2179 1320 2249 in
1337 2191 1422 2249 eo
1448 2178 1948 2272 conjunctarum
1975 2169 2289 2276 infigne'm
2307 2170 2478 2246 adeo
2496 2168 2820 2272 longeque
2840 2172 3063 2241 maxi-

643 2308 825 2357 mam
860 2207 1355 2378 diAErepantiam
1388 2274 1711 2379 negligere
1732 2328 1756 2363 ,
1794 2285 1866 2350 &
1900 2303 2026 2380 pro
2062 2275 2311 2375 duplici
2346 2270 2456 2345 seu
2492 2269 2698 2345 dufim
2775 2292 3052 2343 enei-um

644 2405 907 2470 natura,
942 2378 1299 2483 {implicem
1322 2377 1426 2453 vel
1447 2379 1635 2452 unius
1661 2383 1915 2477 generis
1952 2376 2283 2451 effentiam
2301 2377 2525 2446 animo
2555 2396 2751 2475 appre
2804 2369 3049 2443 endere

644 2481 1011 2558 videamur.
1214 2550 1219 2555 .
1554 2561 1564 2569 ‚

748 2610 815 2658 2.
874 2579 1095 2684 Vulgo
1131 2584 1305 2653 enim
1340 2576 1501 2652 dum
1536 2577 1876 2679 loquimur
1909 2573 1993 2648 de
2026 2598 2137 2647 uno
2154 2576 2413 2660 homine,
2445 2573 2518 2646 id
2552 2576 2661 2649 vix
2676 2574 2803 2646 alia
2829 2596 3048 2651 mente

597 2677 605 2685 ⁴
646 2685 1038 2787 accipimus,
1071 2706 1148 2752 ac
1165 2681 1209 2753 fi
1228 2678 1312 2751 de
1337 2706 1464 2759 una
1493 2675 1730 2751 arbore
1754 2720 1777 2754 2
1816 2676 1919 2748 vel
1939 2676 2024 2749 de
2041 2701 2181 2747 uno
2200 2700 2378 2775 equo
2406 2670 2619 2746 sermo
2637 2670 2832 2749 foret.

746 2812 819 2883 3.,
858 2790 953 2855 At
980 2781 1189 2854 multo
1216 2780 1401 2852 aliter
1418 2805 1521 2851 res
1544 2774 1675 2881 ipsa
1693 2772 1920 2849 habet.
1989 2777 2300 2873 Namque
2329 2775 2676 2848 materialis
2705 2782 2778 2849 &
2811 2779 3056 2845 imma-

651 2881 886 2958 terialis
914 2905 1156 2954 naturae
1189 2876 1514 2952 divetfitas
1548 2873 1870 2977 ejusmodi
1898 2880 2215 2948 unitatem
2240 2878 2307 2947 in
2341 2877 2644 2948 Homine
2668 2876 3053 2969 neutiquam

648 2983 962 3057 admittit.
1012 2978 1193 3050 Talis
1228 2979 1319 3048 est
1355 2976 1656 3048 humanae
1680 2974 1969 3049 cffentiae
1990 2979 2197 3050 unitas
2215 3019 2236 3057 ‚
2273 2971 2537 3076 qualem
2554 2982 2836 3077 partium
2859 2997 3054 3045 com·

648 3085 1043 3186 ponentium
1067 3074 1394 3151 diversitas
1417 3079 1680 3174 patitur.
2119 3106 2124 3111 ¹
2704 3113 2714 3120 -

748 3211 821 3270 4.
870 3176 1214 3277 Qodque
1247 3180 1622 3249 Graecarum
1656 3171 2089 3248 Ecclcfiarum
2119 3174 2429 3253 doclores
2445 3177 2536 3250 de
2563 3171 2818 3251 sublimi
2839 3181 3058 3247 Incar-

651 3278 937 3351 nationis
990 3298 1251 3375 agentes
1292 3275 1598 3373 mysterio
1635 3273 1804 3346 hisce
1846 3267 2168 3348 adverbiis‘
2200 3329 2224 3361 ,
2272 3279 2572 3376 drqefflwe
2617 3281 2720 3372 ω’
2771 3275 3059 3376 ἆσυγχό.

647 3411 767 3458 τως
791 3429 815 3466 ,
851 3373 925 3447 id
955 3376 1084 3463 est,
1120 3371 1251 3446 fine
1288 3376 1650 3449 mutatione
1684 3380 1758 3448 δὲ
1796 3372 2180 3448 confusione
2204 3420 2228 3452 ‚
2266 3375 2431 3447 olim
2468 3373 2861 3475 expressere,
2901 3371 3060 3446 illud

652 3503 925 3649 quopue
969 3473 1055 3547 ad
1090 3479 1401 3575 ⁴corporis
1441 3478 1513 3549 δε
1538 3482 1772 3549 animae
1804 3474 2033 3548 nostrae
2058 3479 2599 3575 conjunffionem
2633 3528 2655 3562 ,
2708 3473 2793 3566 de
2833 3479 3061 3573 quain

652 3604 784 3679 ptae
814 3579 946 3651 enti
972 3581 1223 3678 agimus
1246 3628 1268 3662 ,
1296 3575 1490 3647 liceat
1518 3574 1869 3678 applicate.
2405 3622 2410 3627 x
2621 3586 2628 3591 ’
2684 3632 2695 3664 „
2771 3624 2784 3635 .
2936 3568 2942 3583 '

753 3703 818 3769 5.
868 3681 1127 3749 Etenim
1174 3699 1249 3750 ut
1271 3672 1525 3777 spiritus
1549 3682 1617 3748 in
1644 3699 1921 3775 corpus,
1946 3697 2058 3746 aut
2087 3700 2328 3776 corpus
2350 3677 2420 3746 iti
2452 3670 2744 3776 spiritum
2760 3671 2865 3747 seu
2882 3698 3069 3745 men·

656 3795 792 3844 tem
831 3785 1249 3850 convertatur
1278 3828 1301 3862 ,
1345 3774 1450 3848 vel
1475 3774 1749 3848 alterum
1775 3772 1846 3846 id
1872 3772 2070 3873 poffit
2101 3785 2173 3850 δε
2200 3794 2350 3877 agat
2386 3831 2405 3861 ,
2460 3775 2652 3874 quod
2682 3775 2776 3848 est
2811 3776 3068 3848 alterius

646 3879 1033 3978 proprium,
1059 3898 1281 3949 natura
1304 3900 1522 3947 rerum
1546 3872 2052 3974 haudquaquam
2081 3870 2426 3977 permittit.
2455 3875 2575 3950 Ph.
2594 3902 2766 3968 40²·

758 3984 822 4049 6.
869 3974 936 4051 Si
964 3977 1112 4074 quis
1131 3973 1387 4050 Schola
1409 3978 1705 4052 terminis
1733 3970 2143 4055 affeetusme
2167 3976 2490 4054 hocloco
2515 3976 2785 4051 definire
2811 3968 3080 4062 iubeat}

1500 4117 1520 4133 ³·
1662 4108 1679 4115 ·
2856 4072 3080 4150 utrum

628 2093 633 2101 ι
