3391 4418
386 269 405 280 “
517 261 687 322 rum,
715 245 878 324 quac

498 126 687 210 252,
1193 97 2278 199 Dispuratio

880 212 1127 312 alefa&
1138 208 1439 310 frigescere
1459 204 1759 297 incipiunt.
1806 211 1962 270 Dum
1980 191 2215 290 inclusus
2231 188 2481 265 conclavi
2499 189 2653 264 calor
2676 190 2961 282 attenua-2

524 359 669 413 gum
685 336 873 402 a’e'rem
891 319 1047 416 foras
1057 312 1335 411 protrudit
1350 361 1372 394 ,
1401 299 1761 399 circumfusus
1778 295 2050 392 verbfort's
2060 292 2309 388 frigidus
2327 298 2423 363 a'e‘r
2446 295 2684 364 eundem
2703 297 2958 389 repellit:

528 463 596 513 ex
637 440 737 508 bac
761 420 989 518 luetafit
1006 419 1106 490 illa
1123 416 1275 484 circa
1295 395 2012 510 hypocaustorumfemfirat
2031 398 2365 490 pruinarum
2379 411 2641 490 textttra.
2690 393 2880 467 Idem
2896 422 2968 496 p.

543 563 575 634 5
596 566 652 631 3.
708 528 858 605 Vnde
872 516 1083 614 intenfir
1100 513 1267 588 valde
1267 508 1490 603 frigore
1499 505 1705 600 pruina
1718 505 1816 574 ilia
1823 493 2204 592 fenestrarum
2221 495 2625 588 autglaciatio,
2639 513 2761 566 tarn
2783 502 2970 569 variae

544 635 833 728 (arborum
853 668 876 704 ‚
900 621 1107 715 florum
1122 615 1223 691 &c
1242 665 1262 697 ,
1282 604 1724 702 effingatfiguras
1746 609 1779 673 Β
1813 597 1976 693 Resp.
1998 590 2378 687 quiafrigidut
2398 594 2492 694 ilie
2509 595 2853 691 extrinsecus
2870 619 2968 670 ve-

539 739 695 808 niens
708 734 806 798 aer
821 744 929 794 non
945 735 1103 790 motu
1122 716 1322 783 directo
1341 752 1363 788 ‚
1379 709 1663 776 centetum
1680 721 1991 772 autcuneus
2014 746 2031 774 ,
2046 696 2387 786 ingreditur,
2395 691 2500 787 sed
2517 711 2670 763 motu
2689 698 2848 765 varie
2850 719 2971 794 gy.

542 852 674 906 rato
680 827 780 924 seu
796 819 997 917 torfiro
1016 870 1034 898 ,
1066 813 1217 885 mille
1236 811 1505 886 vorticum
1519 800 1719 900 instar.
1771 799 2042 899 Qaliter
2057 794 2378 869 &interior
2389 793 2598 862 calidus
2608 793 2834 888 ae'rsese
2848 814 2974 865 tor.

548 947 682 1027 quet
707 978 730 1010 ,
753 923 852 1021 fed
872 936 1029 991 motu
1040 913 1324 984 contrario
1345 902 1643 1002 distorfiro.
1695 901 1775 969 Hi
1790 921 1918 992 ergo
1932 899 2039 965 duo
2054 912 2298 963 textores
2315 940 2336 974 ,
2367 887 2802 983 calor&frigrts
2817 942 2840 978 ‚
2865 893 2974 989 fibi

550 1030 831 1105 obviantes
846 1070 867 1107 ‚
897 1017 1312 1102 materiamque
1321 1006 1398 1104 fic
1408 1005 1688 1075 contrarie
1704 1002 1991 1093 agitatam
2011 990 2364 1088 (ceuflamen
2379 1009 2483 1061 aut
2496 993 2775 1070 tramam)
2786 990 2981 1087 secum

540 1129 793 1225 ferentes
813 1173 835 1207 ,
853 1120 925 1196 ά·
942 1137 1044 1211 per
1058 1115 1299 1187 invicem
1320 1123 1580 1185 texentes,
1602 1123 1707 1172 non
1733 1099 1942 1194 poffitnt
1959 1118 2068 1165 non
2085 1095 2262 1163 talem
2282 1089 2513 1187 telasua
2531 1107 2858 1168 texturam,
2879 1113 2985 1166 va..

558 1227 646 1302 rie*
659 1220 1253 1324 ingyrospifluratam
1272 1261 1295 1298 ,
1311 1206 1637 1301 producere.
2951 1274 2960 1281 .

664 1347 785 1418 45.
843 1322 1001 1393 Cui-1
1012 1335 1197 1387 suRA
1240 1336 1268 1382 1
1284 1361 1300 1381 .
1321 1302 1568 1381 Calore
1588 1357 1605 1385 ,
1638 1299 1773 1371 hoc
1795 1298 1919 1382 est,
1939 1315 2130 1367 motu
2150 1294 2330 1365 vario
2349 1287 2762 1362 devehuntur
2782 1313 2994 1388 vapo-

566 1453 667 1502 res
688 1422 777 1496 ad
798 1417 1101 1491 fenestras
1118 1463 1139 1492 ,
1182 1432 1342 1507 quas
1363 1406 1514 1477 cum
1548 1400 1808 1473 transire
1828 1416 2156 1494 nequeant
2178 1446 2200 1479 ,
2232 1386 2617 1463 succedente
2634 1387 2672 1460 εὶ
2685 1412 2865 1488 parte
2888 1394 2991 1458 in-

570 1531 807 1602 teriore
825 1516 1069 1619 frigore
1088 1567 1111 1600 ,
1129 1510 1200 1582 id
1218 1511 1307 1581 est
1326 1561 1348 1593 ,
1369 1528 1592 1578 motus
1612 1503 2078 1573 imminutione
2096 1547 2118 1579 ,
2141 1499 2207 1563 in
2225 1516 2463 1590 aquam
2485 1487 2891 1589 rediguntur3
2919 1495 2992 1560 δε

569 1628 621 1702 st
642 1622 837 1724 frigus
850 1619 924 1690 fit
941 1610 1267 1696 intenfiuS,
1287 1606 1357 1679 id
1372 1607 1479 1687 est,
1498 1602 1547 1672 fi
1566 1611 1779 1696 major
1796 1597 2091 1695 sequatur
2110 1598 2393 1715 partium
2409 1595 2590 1690 ptius
2610 1597 2996 1688 agitatarum

576 1732 761 1828 quies
780 1773 803 1808 ,
843 1717 1076 1818 glacies
1091 1718 1262 1785 circa
1279 1704 1585 1788 fenestras
1602 1697 1962 1773 concrescit
1974 1702 2144 1769 varia
2170 1691 2371 1793 figura
2391 1744 2412 1778 ,
2448 1714 2647 1791 prout
2666 1695 2841 1764 varia
2854 1714 3002 1790 par-

577 1835 743 1903 tium
759 1823 1033 1922 agitatio
1055 1869 1077 1901 ‚
1115 1836 1231 1911 per
1246 1831 1442 1906 quam
1462 1827 1739 1911 vapores
1751 1798 1858 1898 alii
1878 1797 2013 1868 aliis
2031 1791 2255 1864 sensim
2278 1795 2602 1892 aggregati
2620 1834 2643 1867 ,
2684 1792 3001 1891 paulatim

580 1955 655 2000 ac
694 1920 1017 2023 gradatim
1054 1918 1223 1983 circa
1244 1900 1517 1979 diversas
1538 1902 1957 1972 ienestrarum
1979 1919 2189 1996 partes
2209 1899 2556 1965 imminuta
2569 1885 2729 1962 fuit:
2776 1886 3009 1963 conset

580 2026 682 2099 th·
703 2048 748 2111 4
756 2015 971 2110 3',fin.·
992 2038 1057 2085 2.
1082 2003 1246 2079 Falsa
1263 2000 1637 2103 hypothesis
1653 2001 1743 2070 est
1764 2055 1786 2087 ,
1826 1995 2086 2097 frigoris
2105 2019 2400 2065 naturam
2423 2036 2447 2069 ,
2480 1990 2660 2087 aeque
2683 2014 2751 2061 ut
2775 1990 3013 2078 caloris

586 2130 661 2196 in
675 2123 854 2194 vario
870 2115 1155 2214 partium
1178 2117 1372 2176 motu
1386 2100 1753 2176 consistere.
1802 2105 2045 2194 Neque
2061 2092 2339 2194 proinde
2364 2114 2622 2164 texturae
2639 2087 3020 2190 exemplum

588 2224 698 2295 hic
719 2227 788 2292 ὃ(
805 2213 960 2289 alibi
978 2204 1349 2281 adhibitum
1367 2199 1509 2275 satis
1530 2199 1848 2274 idoneum
1866 2222 2194 2300 putamus.
2239 2224 2302 2292 3.
2319 2193 2594 2268 Videtur
2609 2196 2801 2264 etiam
2823 2213 3023 2281 autor

593 2323 831 2396 caloris
871 2323 941 2389 &
980 2307 1240 2410 frigoris
1263 2308 1558 2378 afflones
1579 2325 1895 2399 tanquam
1920 2296 2163 2371 eodem
2189 2287 2490 2394 tempore
2509 2291 2589 2363 ad
2612 2291 2899 2366 eundem
2920 2286 3028 2379 ef·-

594 2423 844 2496 festum
873 2407 1381 2516 producendum
1417 2426 1877 2478 concurrentes
1908 2394 2266 2473 describere
2293 2424 2314 2480 3
2352 2393 2506 2466 cum
2532 2389 2832 2475 tamenin
2854 2414 3022 2494 pro.-

582 2519 816 2629 -pofito
837 2513 1307 2615 congelationis
1327 2509 1628 2607 exemplo
1647 2522 1902 2575 certum
1924 2500 2001 2574 fit
2017 2554 2040 2586 ,
2075 2494 2272 2598 frigus
2287 2496 2512 2570 calori,
2533 2492 2665 2565 hoc
2691 2496 2808 2573 est,
2830 2498 3022 2593 quie..

598 2651 737 2699 tem
765 2623 979 2693 motui
1008 2609 1346 2687 succedere
1379 2636 1454 2680 ac
1472 2630 1774 2707 tempore
1791 2604 2224 2704 posteriorem
2242 2595 2402 2668 effe:
2436 2592 2704 2695 perinde
2728 2619 2801 2667 ut
2828 2599 3027 2671 inex-

648 2727 857 2795 licato-
883 2719 979 2791 th.
998 2740 1083 2813 43
1131 2711 1669 2814 agglutinationis
1698 2702 2002 2804 exemplo
2026 2756 2050 2791 ‚
2088 2698 2298 2770 hiems
2333 2696 2536 2770 :estate
2561 2740 2584 2779 2
2624 2698 2855 2769 ners
2882 2688 3029 2766 die-

658 2848 730 2893 us
745 2819 1134 2918 posteriores
1146 2809 1655 2886 considerantur.
1946 2820 1952 2826 ’
3087 2822 3096 2831 ·

700 2927 816 3015 46.
878 2920 1087 2987 Com.
1109 2939 1177 3011 p.
1198 2932 1327 3009 49.
1375 2924 1492 2980 cur
1523 2905 1730 3001 aestivus
1758 2901 1953 2997 ferror
1988 2902 2287 2992 tranquillo
2318 2903 2445 2971 a'ere
2469 2897 2581 2994 fiat
2611 2898 3030 2978 vehementior,

610 3036 769 3096 vento
797 3033 987 3085 autem
1018 3016 1041 3101 (
1061 3014 1173 3080 imo
1190 3010 1263 3084 ἐν
1284 3030 1429 3078 aura
1447 3009 1561 3077 leni
1580 3013 1602 3097 )
1635 3002 2002 3097 refrigeretur
2022 3007 2055 3072 ?
2092 3000 2256 3096 Resp.
2279 3004 2412 3091 quia
2428 3000 2620 3068 caloris
2627 2995 2849 3093 spicula
2866 3013 3033 3068 vento

606 3118 969 3212 dispensentur
985 3162 1006 3191 ‚
1027 3111 1354 3198 illorumque
1366 3110 1613 3198 operatio
1632 3104 1986 3193 (terebratio)
2011 3101 2290 3173 turbatur.
2341 3103 2403 3170 C
2419 3125 2458 3173 E
2477 3121 2525 3175 ,N
2548 3122 2574 3169 s
2592 3123 2634 3168 u
2651 3123 2696 3173 R
2718 3122 2782 3170 Α.
2816 3122 2843 3168 1
2860 3143 2878 3162 .
2904 3099 3037 3185 Spi-

594 3220 741 3288 eula
779 3204 1134 3309 quomodo
1170 3205 1273 3278 liic
1305 3201 1547 3279 tribuat
1580 3201 1817 3289 calori,
1853 3225 1926 3272 ut
1963 3198 2116 3270 alibi
2139 3205 2334 3270 etiam
2359 3194 2614 3298 frigori,
2655 3201 2807 3270 cnm
2827 3192 3033 3277 ambo

534 3410 539 3413 .
618 3314 742 3389 fint
769 3308 1130 3383 accidentia
1150 3361 1172 3394 ,
1203 3304 1500 3380 nonsatis
1517 3307 1732 3405 capio.
1768 3329 1832 3375 2..
1845 3300 1967 3373 Nil
1985 3327 2142 3400 ergo
2161 3323 2381 3370 revera
2404 3298 2565 3369 dicit
2584 3285 3060 3399 metaphorica

619 3418 733 3491 ista
754 3406 1082 3511 responsio
1104 3463 1122 3489 ,
1151 3404 1263 3479 nifi
1280 3407 1466 3507 quod
1487 3412 1647 3479 aeris
1661 3403 2058 3476 calorvento
2076 3404 2400 3470 minuatur
2417 3452 2439 3484 ‚
2457 3399 2647 3496 quod
2660 3400 2841 3471 idern
2857 3422 3036 3495 quae·

624 3519 746 3587 stio
780 3504 1045 3585 dicebat
1079 3518 1149 3581 δε
1176 3533 1375 3580 nemo
1399 3505 1767 3609 ignorabat.
1818 3498 2197 3600 Philosophi
2218 3523 2350 3576 erat
2366 3505 2642 3600 propriis
2662 3497 3041 3596 verbisper-

624 3612 839 3713 spicue
875 3609 1216 3684 ostendere
1232 3662 1253 3695 ,
1285 3635 1415 3711 qua
1436 3612 1690 3680 ratione
1717 3604 1912 3675 talem
1930 3597 2238 3674 effestum
2253 3625 2481 3673 ventus
2495 3601 2843 3701 producat.
2897 3603 3043 3670 Ra-

626 3720 722 3783 tio
741 3739 956 3785 autem
973 3713 1009 3784 ὲ
1031 3711 1260 3784 nostris
1276 3714 1608 3811 principiis
1628 3707 1742 3778 ista
1759 3698 2050 3774 redditur
2065 3747 2089 3780 2
2156 3700 2297 3774 uod
2312 3701 2672 3775 calora’e‘tis
2692 3701 2765 3775 fit
2781 3704 3042 3800 exigua-

626 3837 769 3885 rum
799 3822 936 3909 ejus
946 3817 1201 3905 partium
1224 3817 1469 3907 agitatio
1486 3816 1672 3883 varia.
1690 3892 1695 3897 ,
1726 3807 1927 3899 Atqui
1942 3826 2093 3875 aura
2107 3730 2379 3901 {astante
2399 3823 2542 3875 totus
2560 3803 2833 3895 a'e'rfirnul
2849 3821 3050 3869 move-

590 3932 719 3987 *tur
743 3913 928 4010 versus
959 3932 1133 3984 unam
1159 3915 1415 4008 aliquam
1439 3913 1719 4007 regionem
1734 3960 1756 3994 ,
1788 3906 1958 3978 adeo
1986 3928 2057 3978 ut
2077 3900 2335 4003 singulae
2362 3908 2523 3979 ae‘ris
2543 3897 2874 4000 particula:
2889 3923 3053 3968 mo-

2897 4017 3052 4067 tum
