3391 4418
933 122 2317 225 ·Cou1uuc·rro.'
2676 159 2844 239 45,

491 269 562 337 9.
615 235 957 325 Alterum,
993 260 1065 309 ut
1095 229 1447 337 perspectae
1468 232 1668 312 nobis
1682 234 1809 310 lint
1837 235 2079 321 caulae,
2124 240 2615 341 quaemotbos,
2637 246 2838 329 debi-

391 345 648 421 litatem
669 350 738 415 &
762 341 1158 412 senectutem
1184 342 1452 437 corpori
1475 336 1704 413 nostro
1727 337 2077 418 inducunt.
2170 342 2173 343 *

502 473 614 520 ro.
664 444 966 514 Tertium
988 493 1011 528 ,
1039 462 1111 512 ut
1129 465 1268 512 non
1290 444 1671 540 ignoremus
1690 443 1981 516 remedia
1999 496 2022 531 ,
2049 438 2299 543 quibus
2318 470 2547 522 natura
2563 473 2688 526 nos
2719 458 2823 530 in·-

390 549 613 621 struxit
629 544 714 617 ad
736 539 1010 614 morbos
1037 539 1385 613 arcendos.
1924 606 1935 615 .

497 675 523 721 1
548 673 607 719 r.
659 652 995 748 Qrtum
1029 641 1153 721 est,
1194 666 1270 714 ut
1298 640 1513 717 caulas
1545 641 1825 746 quidem
1860 643 1999 719 iflas
2032 651 2313 728 evitare,
2349 648 2638 723 remedia
2655 657 2813 730 vero

383 746 528 823 haec
547 744 860 821 adhibere
886 748 1072 817 omni
1089 741 1402 818 industria
1418 744 1725 843 quotidie
1746 744 2145 825 studeamus.

492 874 603 923 12.
653 850 780 920 His
810 868 1101 945 quatuor
1135 843 1334 921 rebus
1365 844 1592 946 politis
1616 846 2045 950 intelligimus
2069 847 2209 925 fieri
2242 848 2462 952 poffe,
2501 874 2577 925 ut
2594 850 2809 932 homo

381 974 720 1050 nunquam
755 950 1100 1020 moriatur.
1169 950 1498 1049 Qamvis
1529 971 1603 1021 ut
1631 948 1743 1020 illa
1763 955 1988 1021 omnia
2020 946 2207 1027 fimul
2223 977 2563 1051 ponantur
2588 959 2656 1026 in
2682 952 2813 1030 ho-

376 1058 556 1125 mine
573 1105 596 1136 ,
633 1043 1057 1148 agnoscamus
1070 1046 1272 1148 longe
1292 1046 1416 1120 effe
1437 1046 1902 1122 difficillimum
1920 1095 1945 1130 ‚
1981 1046 2101 1122 nisi
2116 1046 2293 1126 forte
2316 1050 2643 1157 singularis
2657 1056 2811 1130 Nu-

373 1148 566 1227 minis
597 1147 837 1222 duetus
863 1173 941 1219 ac
964 1146 1278 1222 revelatio
1298 1149 1434 1243 ejus
1459 1147 1827 1224 infirmitati
1849 1155 1923 1224 in
1948 1148 2073 1227 inis
2097 1148 2571 1257 cognoscendis
2592 1176 2667 1227 ac
2683 1182 2808 1232 vo-

374 1250 588 1324 lendis
608 1246 815 1351 ipsum
836 1257 1041 1346 juvet.

470 1375 583 1450 13.
632 1348 840 1426 Simili
925 1347 1374 1450 ropetnodum
1405 1356 1704 1433 ratione,
1742 1356 1894 1452 quia
1925 1354 2233 1425 novimus
2267 1349 2429 1453 quid
2449 1356 2671 1457 ignem
2693 1375 2805 1431 er.

225 1544 228 1549 .
370 1452 689 1556 stinguat,
722 1377 1192 1551 quidpnuttiat,
1230 1447 1279 1521 ss
1310 1450 1433 1526 illis
1468 1454 1896 1543 amovendis,
1926 1451 2028 1526 his
2065 1450 2461 1533 adhibendis
2478 1452 2799 1532 affiduam

370 1553 608 1631 demus
635 1577 909 1654 operam
925 1606 948 1640 ‚
977 1552 1321 1625 flammam
1342 1551 1630 1627 habituri
1646 1549 1862 1628 {umus
1883 1580 2272 1656 perennem.

471 1680 581 1752 14.
636 1660 1073 1755 Qpropter
1110 1656 1284 1725 inter
1309 1652 1614 1755 praeclara
1637 1659 2127 1756 conjunctionis
2144 1653 2380 1755 hujus,
2414 1682 2542 1756 qua
2559 1682 2799 1763 corpus

230 1753 246 1760 ’
365 1766 438 1833 &
458 1759 677 1849 anima
693 1755 1085 1857 copulantur
1102 1804 1124 1841 ,
1158 1759 1234 1827 tri
1285 1753 1555 1830 efimum'
1574 1782 1883 1857 quartum
1901 1782 2241 1830 numerare
2261 1756 2421 1829 licet
2437 1801 2462 1836 2
2493 1761 2641 1849 qood
2654 1762 2809 1855 opti...

363 1882 486 1931 mut
515 1877 725 1929 natura
763 1860 968 1928 Auctor
997 1852 1190 1952 tamst
1269 1860 1406 1929 ilem
1434 1881 1506 1929 ac
1530 1855 1835 1954 per-setiam
1850 1882 1983 1931 eant
1982 1855 2197 1951 fecerit
2214 1912 2237 1945 ,
2267 1877 2329 1929 ut
2338 1876 2801 1959 perpetuaren-

355 1962 472 2035 leat
489 2012 513 2048 ,
541 1960 639 2029 nit
663 1957 822 2054 ipfim
838 1959 1071 2027 hominis
1083 1959 1406 2051 ignorantia
1421 2012 1442 2044 ‚
1470 1962 1815 2055 negligentia
1831 1980 1935 2032 aut
1949 1960 2187 2033 malitia
2199 1954 2389 2065 obstet.

459 2060 489 2131 ι’
507 2084 573 2154 5.
623 2054 940 2161 Qfflm
964 2052 1344 2131 defectuum
1367 2057 1519 2131 cum
1534 2058 1801 2156 nullum,
1817 2059 2155 2134 videamus
2169 2063 2545 2165 inprimunt
2562 2058 2796 2134 homi-

352 2184 509 2236 nem
531 2162 790 2233 :ectum
812 2167 882 2232 &
904 2165 1233 2258 integrum
1264 2156 1499 2230 cadere
1518 2158 1837 2258 potuisse,
1866 2160 2112 2235 nullam
2133 2167 2332 2234 etiam
2354 2161 2609 2238 causam
2640 2162 2801 2266 per-

354 2256 692 2358 spicimus‚
725 2255 1165 2353 quamobrem
1191 2262 1253 2324 ei
1286 2256 1856 2332 immortalitatem
1888 2260 2283 2358 derogemus
2311 2261 2425 2340 aut
2438 2261 2648 2368 ipsum
2662 2277 2797 2375 po-

353 2355 536 2438 tuiffi':
566 2381 705 2426 non
723 2359 896 2425 mori
911 2354 1163 2425 inficias
1179 2377 1422 2424 eamus.

458 2457 576 2531 16.
625 2460 861 2556 Qum
899 2454 1058 2528 vero
1090 2451 1354 2526 scientia
1381 2450 1646 2548 Physica
1686 2452 1774 2528 ad
1809 2459 1927 2528 tria
2010 2460 2184 2530 riora
2219 2478 2328 2526 ma
2394 2480 2551 2529 sma
2605 2455 2784 2562 ‘stlue

346 2580 906 2659 promoveamur,
940 2577 1222 2655 quantus
1254 2561 1394 2651 ejus
1423 2552 1538 2627 dili
1584 2581 1769 2630 enter
1807 2582 1921 2629 exc
1996 2582 2076 2633 tae
2111 2552 2190 2628 fit
2224 2547 2330 2625 fru
2478 2485 2805 2636 'vtffhinc

344 2657 656 2734 aestimare
688 2653 871 2746 licet.
923 2662 1262 2757 Qrtum
1300 2655 1479 2729 enim
1513 2583 1703 2731 ἕως
1738 2654 1921 2734 factu
1955 2657 2109 2736 effer
2150 2653 2534 2734 dummodo
2561 2664 2802 2760 priora-

347 2765 469 2850 tria
485 2785 625 2833 non
642 2756 1028 2832 deficerent.
1567 2789 1574 2794 ·
2726 2841 2731 2846 ,

452 2886 563 2959 ¹7·
614 2862 865 2959 Neque
899 2856 985 2931 ad
1022 2861 1220 2930 vitam
1263 2853 1571 2932 duntaxat
1592 2856 1868 2964 longam
1889 2914 1912 2949 ,
1945 2857 2055 2935 sed
2089 2864 2287 2933 etiam
2310 2854 2396 2933 ad
2427 2853 2644 2934 lanam
2676 2865 2778 2935 vi-

341 2961 625 3039 vendam
664 2961 783 3032 ista
821 2957 1090 3031 scientia
1121 2958 1459 3031 conducit.
1510 2965 1690 3032 Inter
1724 2988 1869 3063 quae
1898 2960 2037 3037 duo
2059 2959 2428 3034 differentia
2451 2961 2582 3045 est,
2616 2961 2774 3038 cum

340 3061 797 3139 valetudinarii
818 3058 1093 3161 quidam
1108 3057 1354 3160 possint
1371 3057 1495 3138 else
1514 3057 1822 3163 longaevi.
1873 3061 2153 3166 Respice
2172 3087 2320 3164 cap.
2334 3065 2566 3161 Lx.4‚

443 3165 554 3239 18.
601 3175 747 3235 Sunt
772 3168 922 3235 enim
941 3216 966 3249 ,
1003 3185 1074 3238 ut
1108 3166 1238 3236 Vir.
1260 3160 1520 3234 Illustris
1547 3160 1880 3262 loquitur,
1912 3167 2211 3245 nonnulla,
2244 3184 2356 3256 qua
2382 3163 2768 3264 adspirituum

329 3266 697 3337 alacritatem
718 3316 742 3351 ,
771 3260 1205 3358 &funtiionum
1223 3264 1423 3350 robur,
1464 3263 1538 3340 (θ’
1557 3263 1768 3334 morbos
1782 3268 2041 3337 arcendos
2046 3263 2280 3362 prostant
2295 3317 2318 3352 ,
2348 3284 2466 3356 qua
2484 3283 2683 3338 tamen
2698 3257 2771 3341 de

314 3364 552 3462 [mma
582 3367 706 3437 rita
729 3366 1045 3438 detrabunt
1063 3375 1140 3451 <9-
1159 3365 1479 3457 atrophiam
1480 3360 1720 3459 senilem
1737 3363 1938 3462 abfipoe
1953 3367 2152 3440 morbis
2164 3367 2507 3436 accelerant.
2569 3367 2767 3440 Con·

327 3460 449 3640 ξεῖ)
468 3491 614 3565 quat
641 3461 725 3537 de
762 3461 1126 3540 infantibus
1160 3471 1233 3537 δε
1266 3467 1455 3566 equis
1491 3469 1716 3539 vinum
1748 3461 1988 3570 largius
2011 3462 2388 3562 bibentibus
2418 3459 2595 3534 dista
2616 3457 2781 3539 sunt.

453 3592 596 3642 eor.
615 3569 770 3639 Viv.
854 3592 913 3642 ι.
1771 3581 1815 3620 ·’
2732 3563 2740 3580 ³

433 3693 461 3742 1
477 3694 547 3759 9.
598 3679 741 3737 Sunt
758 3591 834 3744 &7
850 3667 971 3738 alia
984 3719 1006 3752 ‚
1021 3672 1234 3770 pergit
1257 3661 1436 3738 idem
1452 3717 1475 3754 ,
1491 3687 1604 3759 qua
1617 3666 1699 3736 ad
1705 3667 2181 3762 prolongationem
2195 3665 2322 3737 rita
2342 3659 2420 3740 ά·
2437 3663 2760 3766 atrophiam
2772 3639 2791 3727 Ῐ

308 3768 553 3865 fenilem
577 3762 793 3879 longitis
806 3765 1276 3863 summovendam
1299 3766 1548 3867 juvant3
1570 3768 1677 3866 [ed
1688 3786 1889 3840 tamen
1904 3764 2373 3863 non-usurpantur
2386 3761 2590 3865 absque
2598 3769 2764 3872 peri-

623 3890 660 3937 a
807 3915 829 3939 .

321 3867 928 4084 ‘QZ-'‘{iffluta
943 3960 1089 4080 sunt
1102 3989 1245 4082 qug
1258 3968 1482 4081 igngm
1497 3961 1876 4076 conservare
1889 3962 2159 4076 Roffunt
2170 4014 2202 4075 ,³
2220 3964 2547 4052 carbones
2564 3956 2756 4136 fciielsiz
2774 4017 2780 4022 .

2615 4143 2623 4151 .
2701 4109 2751 4156 ,ο
