3391 4418
564 132 719 240 258
1109 127 2305 211 -stpumwmo

506 265 509 266 ’
554 269 746 319 mum
790 238 992 342 frigus
1033 234 1280 311 summa
1359 240 1498 309 uies
1519 240 1665 309 etit.
1720 238 2058 306 Imitemur
2078 235 2308 303 Virum
2331 271 2354 304 ‚
2387 229 2455 299 δι
2476 242 2981 325 retorqueamus

558 352 629 417 in
646 340 852 444 ipsum
871 343 1002 414 hoc
1028 341 1268 427 telum,
1305 266 1390 410 sic
1408 333 1932 439 argumentando
1955 361 1972 404 ε
2006 338 2073 406 Si
2094 326 2291 429 frigus
2309 328 2398 399 est
2419 348 2641 398 motus
2657 371 2681 404 ,
2712 334 2806 400 uti
2829 338 2981 405 Co-

556 451 811 518 menius
831 440 1176 514 arbitratur
1198 493 1220 524 ‚
1253 463 1396 512 tum
1413 447 1641 537 utique
1660 429 1857 536 frigus
1880 441 2086 530 majus
2100 436 2316 525 major
2341 449 2561 498 motus
2578 479 2598 512 ,
2621 451 2697 498 ac
2714 435 2984 507 tandem

554 541 887 617 summum
926 539 1129 641 frigus
1169 536 1450 611 summus
1484 544 1603 609 erit
1642 560 1891 607 motus.
1961 535 2168 630 Atqui
2205 531 2402 600 aneto
2438 523 2683 627 frigore
2719 557 2984 606 motum

559 669 829 743 quoque
864 648 931 713 in
967 665 1247 741 corpore
1276 636 1522 739 frigido
1554 642 1774 737 augeri
1797 660 1997 705 nemo
2014 626 2401 717 affirmabit,
2438 637 2550 726 qui
2572 630 2991 714 considerat,

560 741 921 842 quomodo
956 767 1122 839 aqua
1158 736 1409 811 fervida
1434 737 1747 840 paulatim
1781 740 1984 837 magis
2006 727 2332 833 magisque
2344 728 2695 830 perdendo
2715 757 2984 808 motum

560 851 767 945 magis
787 848 984 914 etiam
1002 838 1295 943 frigescat
1311 884 1334 917 ‚
1370 841 1767 933 tandemque
1781 836 2138 934 inglacicm
2156 886 2178 917 ,
2212 831 2342 902 hoc
2357 830 2448 901 est
2461 829 2743 928 rigidum
2762 842 2833 905 &
2851 842 2984 906 im-

560 945 814 1016 mobile
838 968 1076 1041 corpus
1096 941 1445 1039 redigatur.
1514 942 1594 1010 Et
1607 942 1752 1034 quis
1770 940 2256 1033 nonexperitur
2275 929 2576 1028 quotidie
2591 975 2617 1007 2
2660 933 2744 1004 eo
2763 941 2985 1009 minus

564 1041 847 1116 mobiles
866 1040 905 1111 s
890 1067 1001 1113 uas
1019 1038 1139 1114 effe
1155 1065 1383 1115 manus
1402 1093 1423 1127 ,
1438 1039 1587 1137 ‘quo
1609 1038 1752 1109 lunt
1768 1031 2181 1134 frigidiores?
2236 1100 2252 1109 .

671 1170 696 1235 3
718 1162 784 1215 6.
837 1141 973 1241 Ipse
1011 1143 1379 1214 Comenius
1401 1135 1787 1210 naturalium
1808 1130 2437 1207 efferituummemor
2453 1184 2475 1216 ,
2505 1155 2571 1202 at
2592 1126 2713 1204 suae
2734 1131 2987 1209 oblitus

562 1241 1004 1345 hypotheseos
1043 1267 1106 1340 p.
1144 1243 1220 1315 18
1247 1241 1498 1326 statuit,
1539 1237 1730 1336 quod
1757 1232 2010 1335 frigoris
2045 1239 2139 1306 vis
2168 1257 2401 1333 urgens
2420 1230 2764 1332 particulas
2796 1261 2983 1331 aquae

561 1343 648 1416 ad
679 1343 1141 1415 immobilitatem
1181 1337 1537 1414 condenset
1556 1391 1577 1423 ,
1611 1363 1684 1411 ut
1705 1361 1780 1410 ex
1799 1361 2082 1436 corpore
2105 1334 2321 1405 fluido
2348 1331 2525 1402 aliud
2543 1330 2800 1431 prorsus
2823 1341 2981 1436 rigi-

556 1444 726 1516 'dum
742 1444 1103 1515 &immobile
1118 1438 1498 1537 lapidicinflar
1519 1437 1635 1511 fiat
1650 1495 1665 1519 ,
1691 1437 1952 1539 glacies.
2002 1437 2282 1534 Frigotis
2294 1440 2491 1531 igitur
2507 1427 2740 1504 efferim
2766 1435 2987 1527 (intel-

562 1543 707 1644 ligo
741 1547 1202 1627 immanentia,
1235 1567 1378 1639 quae
1413 1538 1501 1611 ab
1518 1540 1653 1631 ejus
1673 1538 1934 1609 effentia
1950 1560 2090 1606 non
2112 1528 2461 1625 differunt)
2499 1530 2621 1604 effe
2636 1530 2985 1631 spiffitudi-
3077 1567 3086 1572 e

564 1665 720 1714 nem
744 1695 763 1727 ,
814 1642 1097 1742 rigorem
1121 1694 1142 1728 ‚
1181 1643 1672 1712 immobilitatem.
1722 1637 1947 1721 Idem,
2032 1689 2048 1706 .
2077 1630 2466 1730 25‚*fatetur
2501 1629 2992 1732 frigidiffimum-

563 1740 893 1845 apud'nos
930 1767 1166 1841 corpus
1203 1737 1325 1811 effe
1358 1738 1659 1837 glaciem.
1716 1734 1929 1830 Quod
1966 1661 2024 1804 (gl)
2045 1760 2204 1835 ergo
2244 1733 2281 1805 ὲ
2308 1731 2754 1832 phaenomeno
2787 1735 2992 1809 nobis-

564 1843 849 1916 maxime
885 1840 1095 1913 obvio
1126 1847 1198 1912 δε
1221 1833 1564 1909 manifesto
1589 1858 1884 1908 naturam
1904 1834 2167 1929 alicujus
2187 1841 2278 1906 rei
2301 1831 2603 1929 physicus
2621 1838 2799 1907 reste
2815 1836 2984 1909 solet

562 1941 869 2040 indagare
886 1993 905 2024 ,
928 1937 1189 2039 quid-ni
1207 1940 1481 2035 Frigoris
1497 1959 1791 2009 naturam
1813 1963 1890 2009 ex
1906 1933 2112 2009 obvio
2132 1959 2415 2033 corpore
2437 1937 2714 2007 maxime
2735 1932 2814 2006 fri
2866 1937 2984 2010 ido
3003 1996 3011 2000 ,

563 2055 915 2114 venemur?
951 2043 1032 2108 Et
1067 2035 1227 2135 quid
1260 2042 1326 2106 in
1362 2034 1479 2106 illo
1516 2034 1692 2107 aliud
1721 2038 1818 2108 est
1833 2035 2115 2129 frigidum
2134 2036 2260 2131 effe,
2294 2034 2493 2131 quam
2510 2057 2719 2135 partes
2736 1963 2987 2109 haiere

561 2143 879 2212 immotas
905 2134 1030 2212 five
1058 2132 1457 2236 'quiescentes
1482 2129 1660 2236 apud
1685 2132 1745 2206 st:
1771 2139 2098 2209 invicem3
2131 2141 2476 2235 Autigitur
2496 2161 2642 2208 vera
2655 2136 2745 2207 est
2763 2137 2998 2209 nostra*

567 2236 921 2316 sententia,
962 2261 1072 2309 aut
1098 2236 1140 2308 fi
1169 2238 1590 2309 Comeniana
1615 2292 1638 2323 ,
1722 2262 1816 2307 uae
1837 2233 2032 2336 frigus
2046 2259 2301 2308 motum
2319 2232 2439 2306 effi·
2465 2234 2732 2323 definit,
2768 2244 2992 2312 verior,

566 2340 802 2423 existit,
845 2360 988 2409 tum
1027 2343 1083 2408 ei
1111 2391 1130 2424 ,
1163 2337 1352 2436 quod
1372 2337 1653 2411 maxime
1672 2264 1986 2438 (flrigidum
2001 2338 2094 2427 est
2106 2390 2130 2425 ‚
2151 2333 2369 2437 frigidi
2386 2334 2689 2409 definitio
2708 2338 2981 2412 minime}

567 2460 940 2513 conveniet.
1372 2456 1395 2528 ᾗ
2902 2459 2907 2463 ·

670 2567 784 2638 37.
840 2538 1343 2612 concludamus
1383 2543 1602 2637 itaque
1638 2544 1707 2610 in
1740 2540 2012 2654 Frigore
2028 2563 2168 2609 non
2184 2559 2318 2610 tam
2338 2544 2599 2614 moravis
2629 2537 2838 2636 qudm
2854 2556 2987 2612 tar·
3011 2626 3028 2637 ,.

558 2642 802 2712 ditarem
840 2662 1034 2738 atque
1059 2645 1593 2713 imminutionem
1619 2662 1840 2712 motus
1855 2637 1977 2711 esse
1993 2635 2409 2737 spectandam
2432 2668 2448 2713 ε
2481 2643 2802 2738 quoniam
2821 2640 2855 2712 ὲ
2871 2665 2983 2710 ca-

563 2740 706 2810 lore
737 2736 953 2810 differt
984 2765 1120 2811 non
1144 2768 1275 2839 qua
1298 2766 1518 2814 motus
1540 2795 1561 2826 ‚
1596 2736 1706 2813 sed
1721 2765 1851 2840 qua
1873 2739 2123 2834 tar-dior
2142 2761 2363 2812 motus
2385 2742 2486 2813 vel
2505 2744 2717 2839 quies.
2766 2738 2984 2813 Calor-

564 2837 702 2934 quo
724 2845 936 2932 major
954 2840 1069 2923 est,
1090 2843 1173 2912 eo
1190 2839 1466 2913 celerior
1482 2866 1723 2913 motus:
1745 2866 2004 2925 contra,
2019 2842 2376 2937 quomajus
2393 2826 2708 2940 frigu5,eo
2729 2839 2986 2914 tardior

561 2958 797 3007 motus
818 2961 893 3006 ac
924 2937 1189 3008 tandem
1209 2944 1416 3036 quies.
1472 2941 1795 3013 Definitio
1816 2963 2036 3013 autem
2056 2946 2146 3011 rei
2166 2939 2436 3038 cujusvis
2456 2938 2820 3014 universalis
2836 2945 2980 3040 peti

562 3033 769 3108 debet
784 3033 822 3105 εἰ
837 3033 1357 3108 consideratione
1379 3037 1549 3139 illius
1563 3040 1842 3140 exempli
1864 3092 1886 3125 ,
1923 3045 1992 3124 in
2010 3064 2149 3139 quo
2170 3039 2575 3140 potissimum
2593 3043 2735 3115 talis
2752 3048 2841 3111 rci
2859 3067 2982 3111 na-

563 3154 711 3249 tura
744 3132 957 3303 elgcet
972 3187 992 3219 ‚
1032 3161 1116 3207 eo
1142 3138 1302 3208 statu
1327 3145 1397 3210 δε
1419 3137 1629 3238 gradu
1649 3192 1670 3227 ‚
1698 3146 1765 3210 in
1781 3166 1920 3239 quo
1935 3146 2230 3241 vigorem
2247 3140 2422 3215 fixam
2442 3167 2639 3241 atque
2660 3140 2982 3215 excellen-

564 3256 724 3307 tiam
746 3259 790 3303 o
846 3255 1027 3305 tinet.

702 3373 963 3466 VIII.
1001 3384 1507 3489 tArgumenta
1522 3438 1550 3479 ‚
1584 3377 1834 3492 quibus
1855 3367 2323 3491 impugnatur
2341 3433 2366 3476 ,
2400 3381 2847 3502 quodftigus

1293 3493 1405 3594 sit
1422 3501 1620 3603 quies
1641 3560 1660 3591 ,
1704 3496 2205 3609 infirmaſsent.
2573 3565 2578 3571 .

661 3617 805 3711 38.-
834 3614 1191 3692 Videamus
1227 3644 1401 3691 nunc
1441 3622 1777 3722 aliquanto
1794 3623 2052 3723 plenius
2072 3677 2095 3711 ,
2130 3625 2329 3723 qudm
2350 3634 2417 3699 in
2435 3624 2999 3726 superioribusth..

564 3721 737 3799 24&
761 3711 942 3815 seqq.
975 3712 1223 3792 fastum
1258 3721 1350 3792 est
1367 3774 1388 3807 ,
1428 3724 1671 3821 quibus
1705 3732 2112 3824 argumentis
2138 3728 2439 3802 inducItus
2458 3732 2827 3802 Comenius
2843 3723 2987 3798 sen-

556 3818 827 3889 tentiam
864 3817 947 3889 de
972 3840 1207 3892 natura
1221 3824 1504 3921 Frigoris
1523 3877 1546 3910 ‚
1581 3847 1780 3922 quam
1798 3828 1867 3897 δε
1882 3853 2040 3898 vero
2059 3824 2556 3921 consentaneam
2574 3842 2644 3903 &
2664 3829 2889 3901 utilem
2911 3833 3000 3898 in.

468 3984 475 3989 .
548 3912 840 4015 Physicis
866 3915 992 4025 effe
1010 3943 1135 3993 nos
1149 3922 1427 4021 quidem
1442 3925 1881 4032 existimamus
1893 3981 1917 4017 ,
1945 3933 2013 4001 in
2027 3926 2428 4026 Disquifin'onoe
2438 3922 2560 3999 suae
2577 3923 2984 4096 epistoladlde-

2908 4050 2949 4097 C
2970 4083 2993 4107 φ
