<?xml version="1.0" encoding="UTF-8"?>
<!DOCTYPE html PUBLIC "-//W3C//DTD XHTML 1.0 Transitional//EN"
    "http://www.w3.org/TR/xhtml1/DTD/xhtml1-transitional.dtd">
<html xmlns="http://www.w3.org/1999/xhtml" xml:lang="en" lang="en">
 <head>
  <title>
</title>
<meta http-equiv="Content-Type" content="text/html;charset=utf-8" />
  <meta name='ocr-system' content='tesseract 3.04.00' />
  <meta name='ocr-capabilities' content='ocr_page ocr_carea ocr_par ocr_line ocrx_word'/>
</head>
<body>
  <div class='ocr_page' id='page_1' title='image "./johannisclauber00claugoog_0122.png"; bbox 0 0 3391 4418; ppageno 0'>
   <div class='ocr_carea' id='block_1_1' title="bbox 536 99 3045 3410">
    <p class='ocr_par' dir='ltr' id='par_1_1' title="bbox 551 99 2286 197">
     <span class='ocr_line' id='line_1_1' title="bbox 551 99 2286 197; baseline -0.009 0"><span class='ocrx_word' id='word_1_1' title='bbox 551 134 700 197; x_wconf 64' lang='grc' dir='ltr'>τοι</span> <span class='ocrx_word' id='word_1_2' title='bbox 1190 99 2286 184; x_wconf 62' lang='grc' dir='ltr'>Βιειιυτιιτῐο</span> 
     </span>
    </p>

    <p class='ocr_par' dir='ltr' id='par_1_2' title="bbox 546 199 2979 514">
     <span class='ocr_line' id='line_1_2' title="bbox 546 199 2977 322; baseline -0.009 -25"><span class='ocrx_word' id='word_1_3' title='bbox 546 225 685 297; x_wconf 89' lang='lat' dir='ltr'>lum</span> <span class='ocrx_word' id='word_1_4' title='bbox 703 210 1037 322; x_wconf 82' lang='lat' dir='ltr'>poffumus</span> <span class='ocrx_word' id='word_1_5' title='bbox 1058 216 1284 285; x_wconf 86' lang='lat' dir='ltr'>animo</span> <span class='ocrx_word' id='word_1_6' title='bbox 1301 213 1651 308; x_wconf 84' lang='lat' dir='ltr'>concipere</span> <span class='ocrx_word' id='word_1_7' title='bbox 1668 250 1692 287; x_wconf 84' lang='lat'>‚</span> <span class='ocrx_word' id='word_1_8' title='bbox 1724 202 1838 280; x_wconf 88' lang='lat' dir='ltr'>sed</span> <span class='ocrx_word' id='word_1_9' title='bbox 1858 211 2085 281; x_wconf 88' lang='lat' dir='ltr'>omnia</span> <span class='ocrx_word' id='word_1_10' title='bbox 2099 206 2252 281; x_wconf 60' lang='grc' dir='ltr'>τεὼ</span> <span class='ocrx_word' id='word_1_11' title='bbox 2264 208 2543 281; x_wconf 79' lang='lat' dir='ltr'>materia</span> <span class='ocrx_word' id='word_1_12' title='bbox 2556 204 2752 307; x_wconf 78' lang='lat' dir='ltr'>plena</span> <span class='ocrx_word' id='word_1_13' title='bbox 2768 245 2791 279; x_wconf 66' lang='lat'><em>2</em></span> <span class='ocrx_word' id='word_1_14' title='bbox 2819 199 2977 289; x_wconf 48' lang='lat' dir='ltr'>seu.</span> 
     </span>
     <span class='ocr_line' id='line_1_3' title="bbox 546 299 2979 421; baseline -0.009 -24"><span class='ocrx_word' id='word_1_15' title='bbox 546 331 616 398; x_wconf 92' lang='lat' dir='ltr'>in</span> <span class='ocrx_word' id='word_1_16' title='bbox 629 323 906 421; x_wconf 88' lang='lat' dir='ltr'>longum</span> <span class='ocrx_word' id='word_1_17' title='bbox 924 369 946 402; x_wconf 89' lang='lat'>,</span> <span class='ocrx_word' id='word_1_18' title='bbox 967 314 1171 385; x_wconf 88' lang='lat' dir='ltr'>latum</span> <span class='ocrx_word' id='word_1_19' title='bbox 1194 321 1263 385; x_wconf 92' lang='lat'>&amp;</span> <span class='ocrx_word' id='word_1_20' title='bbox 1279 306 1693 411; x_wconf 86' lang='lat' dir='ltr'>profundum</span> <span class='ocrx_word' id='word_1_21' title='bbox 1714 305 1966 383; x_wconf 73' lang='lat' dir='ltr'>extensa</span> <span class='ocrx_word' id='word_1_22' title='bbox 1978 306 2101 380; x_wconf 85' lang='lat' dir='ltr'>effe</span> <span class='ocrx_word' id='word_1_23' title='bbox 2119 314 2539 420; x_wconf 83' lang='lat' dir='ltr'>percipimus,</span> <span class='ocrx_word' id='word_1_24' title='bbox 2563 299 2979 386; x_wconf 82' lang='lat' dir='ltr'>manifestum</span> 
     </span>
     <span class='ocr_line' id='line_1_4' title="bbox 551 406 2754 514; baseline -0.009 -18"><span class='ocrx_word' id='word_1_25' title='bbox 551 425 644 497; x_wconf 87' lang='lat' dir='ltr'>est</span> <span class='ocrx_word' id='word_1_26' title='bbox 663 476 685 509; x_wconf 89' lang='lat'>,</span> <span class='ocrx_word' id='word_1_27' title='bbox 718 446 841 492; x_wconf 87' lang='lat' dir='ltr'>nos</span> <span class='ocrx_word' id='word_1_28' title='bbox 862 441 1000 488; x_wconf 91' lang='lat' dir='ltr'>non</span> <span class='ocrx_word' id='word_1_29' title='bbox 1022 410 1201 514; x_wconf 73' lang='lat' dir='ltr'>posse</span> <span class='ocrx_word' id='word_1_30' title='bbox 1219 406 1607 488; x_wconf 79' lang='lat' dir='ltr'>Universum</span> <span class='ocrx_word' id='word_1_31' title='bbox 1623 434 2022 508; x_wconf 88' lang='lat' dir='ltr'>corporeum</span> <span class='ocrx_word' id='word_1_32' title='bbox 2037 410 2154 480; x_wconf 83' lang='lat' dir='ltr'>nih</span> <span class='ocrx_word' id='word_1_33' title='bbox 2172 434 2346 482; x_wconf 74' lang='lat' dir='ltr'>unum</span> <span class='ocrx_word' id='word_1_34' title='bbox 2361 409 2754 509; x_wconf 83' lang='lat' dir='ltr'>intelligere.</span> 
     </span>
    </p>

    <p class='ocr_par' dir='ltr' id='par_1_3' title="bbox 559 504 2996 999">
     <span class='ocr_line' id='line_1_5' title="bbox 662 504 2988 613; baseline -0.009 -22"><span class='ocrx_word' id='word_1_35' title='bbox 662 547 773 612; x_wconf 88' lang='lat'>14.</span> <span class='ocrx_word' id='word_1_36' title='bbox 830 508 1351 613; x_wconf 86' lang='lat' dir='ltr'>Percipimusque</span> <span class='ocrx_word' id='word_1_37' title='bbox 1380 510 1513 582; x_wconf 88' lang='lat' dir='ltr'>hoc</span> <span class='ocrx_word' id='word_1_38' title='bbox 1549 535 1754 581; x_wconf 88' lang='lat' dir='ltr'>unum</span> <span class='ocrx_word' id='word_1_39' title='bbox 1782 516 1869 580; x_wconf 91' lang='lat' dir='ltr'>ita</span> <span class='ocrx_word' id='word_1_40' title='bbox 1889 506 2211 582; x_wconf 85' lang='lat' dir='ltr'>extensum</span> <span class='ocrx_word' id='word_1_41' title='bbox 2231 560 2255 597; x_wconf 86' lang='lat'>‚</span> <span class='ocrx_word' id='word_1_42' title='bbox 2288 530 2359 583; x_wconf 91' lang='lat' dir='ltr'>ut</span> <span class='ocrx_word' id='word_1_43' title='bbox 2379 509 2647 581; x_wconf 83' lang='lat' dir='ltr'>adfines</span> <span class='ocrx_word' id='word_1_44' title='bbox 2667 531 2743 577; x_wconf 83' lang='lat' dir='ltr'>ae</span> <span class='ocrx_word' id='word_1_45' title='bbox 2758 504 2988 575; x_wconf 83' lang='lat' dir='ltr'>termi-</span> 
     </span>
     <span class='ocr_line' id='line_1_6' title="bbox 559 605 2990 711; baseline -0.008 -16"><span class='ocrx_word' id='word_1_46' title='bbox 559 647 685 696; x_wconf 84' lang='lat' dir='ltr'>nos</span> <span class='ocrx_word' id='word_1_47' title='bbox 722 612 1108 690; x_wconf 78' lang='lat' dir='ltr'>extensionis</span> <span class='ocrx_word' id='word_1_48' title='bbox 1141 619 1364 683; x_wconf 90' lang='lat' dir='ltr'>animo</span> <span class='ocrx_word' id='word_1_49' title='bbox 1403 620 1473 683; x_wconf 87' lang='lat'>&amp;</span> <span class='ocrx_word' id='word_1_50' title='bbox 1512 614 1916 711; x_wconf 88' lang='lat' dir='ltr'>cogitatione</span> <span class='ocrx_word' id='word_1_51' title='bbox 2001 615 2286 683; x_wconf 89' lang='lat' dir='ltr'>etvenire</span> <span class='ocrx_word' id='word_1_52' title='bbox 2309 608 2597 682; x_wconf 70' lang='lat' dir='ltr'>&#39;minime</span> <span class='ocrx_word' id='word_1_53' title='bbox 2633 605 2990 682; x_wconf 77' lang='lat' dir='ltr'>valeamus·</span> 
     </span>
     <span class='ocr_line' id='line_1_7' title="bbox 559 637 2994 810; baseline -0.002 -20"><span class='ocrx_word' id='word_1_54' title='bbox 559 718 762 797; x_wconf 86' lang='lat' dir='ltr'>Unde</span> <span class='ocrx_word' id='word_1_55' title='bbox 783 714 1117 790; x_wconf 87' lang='lat' dir='ltr'>Mundum</span> <span class='ocrx_word' id='word_1_56' title='bbox 1140 718 1389 784; x_wconf 90' lang='lat' dir='ltr'>ratione</span> <span class='ocrx_word' id='word_1_57' title='bbox 1410 735 1517 780; x_wconf 86' lang='lat' dir='ltr'>ma</span> <span class='ocrx_word' id='word_1_58' title='bbox 1564 710 1870 782; x_wconf 83' lang='lat' dir='ltr'>nitudinis</span> <span class='ocrx_word' id='word_1_59' title='bbox 1890 763 1908 793; x_wconf 91' lang='lat'><strong>,</strong></span> <span class='ocrx_word' id='word_1_60' title='bbox 1945 637 2080 782; x_wconf 59' lang='grc' dir='ltr'>ξος</span> <span class='ocrx_word' id='word_1_61' title='bbox 2099 712 2189 782; x_wconf 87' lang='lat' dir='ltr'>est</span> <span class='ocrx_word' id='word_1_62' title='bbox 2210 709 2638 810; x_wconf 82' lang='lat' dir='ltr'>longitudinis</span> <span class='ocrx_word' id='word_1_63' title='bbox 2653 753 2676 785; x_wconf 74' lang='lat'><em>2</em></span> <span class='ocrx_word' id='word_1_64' title='bbox 2705 700 2994 775; x_wconf 85' lang='lat' dir='ltr'>latitudi-</span> 
     </span>
     <span class='ocr_line' id='line_1_8' title="bbox 565 803 2996 917; baseline -0.008 -26"><span class='ocrx_word' id='word_1_65' title='bbox 565 828 662 894; x_wconf 85' lang='lat' dir='ltr'>nis</span> <span class='ocrx_word' id='word_1_66' title='bbox 677 865 700 896; x_wconf 87' lang='lat'>‚</span> <span class='ocrx_word' id='word_1_67' title='bbox 745 812 1213 917; x_wconf 80' lang='lat' dir='ltr'>profunditatis</span> <span class='ocrx_word' id='word_1_68' title='bbox 1230 810 1350 886; x_wconf 82' lang='lat' dir='ltr'>suae</span> <span class='ocrx_word' id='word_1_69' title='bbox 1370 865 1394 899; x_wconf 86' lang='lat'>,</span> <span class='ocrx_word' id='word_1_70' title='bbox 1432 817 1497 882; x_wconf 88' lang='lat' dir='ltr'>in</span> <span class='ocrx_word' id='word_1_71' title='bbox 1548 809 1849 882; x_wconf 87' lang='lat' dir='ltr'>efinitum</span> <span class='ocrx_word' id='word_1_72' title='bbox 1867 807 1998 881; x_wconf 87' lang='lat' dir='ltr'>hoc</span> <span class='ocrx_word' id='word_1_73' title='bbox 2016 811 2107 881; x_wconf 89' lang='lat' dir='ltr'>est</span> <span class='ocrx_word' id='word_1_74' title='bbox 2124 807 2416 910; x_wconf 64' lang='lat' dir='ltr'>respedtu</span> <span class='ocrx_word' id='word_1_75' title='bbox 2437 811 2641 882; x_wconf 79' lang='lat' dir='ltr'>nostri</span> <span class='ocrx_word' id='word_1_76' title='bbox 2660 803 2996 878; x_wconf 85' lang='lat' dir='ltr'>infinitum</span> 
     </span>
     <span class='ocr_line' id='line_1_9' title="bbox 574 920 1278 999; baseline -0.013 -5"><span class='ocrx_word' id='word_1_77' title='bbox 574 920 884 994; x_wconf 86' lang='lat' dir='ltr'>dicimus.</span> <span class='ocrx_word' id='word_1_78' title='bbox 1270 992 1278 999; x_wconf 59' lang='grc'>,</span> 
     </span>
    </p>

    <p class='ocr_par' dir='ltr' id='par_1_4' title="bbox 571 1007 3009 1618">
     <span class='ocr_line' id='line_1_10' title="bbox 672 1007 3004 1112; baseline -0.006 -21"><span class='ocrx_word' id='word_1_79' title='bbox 672 1044 788 1112; x_wconf 85' lang='lat'>15.</span> <span class='ocrx_word' id='word_1_80' title='bbox 839 1020 921 1088; x_wconf 87' lang='lat' dir='ltr'>Et</span> <span class='ocrx_word' id='word_1_81' title='bbox 953 1016 1255 1112; x_wconf 87' lang='lat' dir='ltr'>quamvis</span> <span class='ocrx_word' id='word_1_82' title='bbox 1268 1009 1406 1084; x_wconf 82' lang='lat' dir='ltr'>haec</span> <span class='ocrx_word' id='word_1_83' title='bbox 1424 1007 1651 1082; x_wconf 90' lang='lat' dir='ltr'>mundi</span> <span class='ocrx_word' id='word_1_84' title='bbox 1667 1010 1948 1084; x_wconf 88' lang='lat' dir='ltr'>infinitas</span> <span class='ocrx_word' id='word_1_85' title='bbox 1963 1064 1985 1097; x_wconf 89' lang='lat'>,</span> <span class='ocrx_word' id='word_1_86' title='bbox 2023 1036 2166 1109; x_wconf 83' lang='lat' dir='ltr'>quae</span> <span class='ocrx_word' id='word_1_87' title='bbox 2188 1014 2254 1081; x_wconf 90' lang='lat' dir='ltr'>in</span> <span class='ocrx_word' id='word_1_88' title='bbox 2279 1034 2598 1110; x_wconf 79' lang='lat' dir='ltr'>corporea</span> <span class='ocrx_word' id='word_1_89' title='bbox 2620 1032 2875 1082; x_wconf 89' lang='lat' dir='ltr'>tantum</span> <span class='ocrx_word' id='word_1_90' title='bbox 2895 1030 3004 1077; x_wconf 82' lang='lat' dir='ltr'>ex-</span> 
     </span>
     <span class='ocr_line' id='line_1_11' title="bbox 577 1109 3005 1195; baseline -0.007 -2"><span class='ocrx_word' id='word_1_91' title='bbox 577 1116 870 1195; x_wconf 85' lang='lat' dir='ltr'>tenfione</span> <span class='ocrx_word' id='word_1_92' title='bbox 894 1110 1180 1186; x_wconf 89' lang='lat' dir='ltr'>confistit</span> <span class='ocrx_word' id='word_1_93' title='bbox 1196 1156 1218 1189; x_wconf 84' lang='lat'>‚</span> <span class='ocrx_word' id='word_1_94' title='bbox 1256 1120 1325 1184; x_wconf 90' lang='lat'>&amp;</span> <span class='ocrx_word' id='word_1_95' title='bbox 1342 1137 1492 1183; x_wconf 89' lang='lat' dir='ltr'>cum</span> <span class='ocrx_word' id='word_1_96' title='bbox 1509 1110 1828 1182; x_wconf 86' lang='lat' dir='ltr'>relatione</span> <span class='ocrx_word' id='word_1_97' title='bbox 1842 1110 1926 1182; x_wconf 90' lang='lat' dir='ltr'>ad</span> <span class='ocrx_word' id='word_1_98' title='bbox 1948 1112 2243 1182; x_wconf 86' lang='lat' dir='ltr'>nostrum</span> <span class='ocrx_word' id='word_1_99' title='bbox 2261 1109 2667 1182; x_wconf 55' lang='lat' dir='ltr'>intemetum</span> <span class='ocrx_word' id='word_1_100' title='bbox 2679 1116 2766 1179; x_wconf 88' lang='lat' dir='ltr'>ita</span> <span class='ocrx_word' id='word_1_101' title='bbox 2781 1111 3005 1178; x_wconf 86' lang='lat' dir='ltr'>nomi-</span> 
     </span>
     <span class='ocr_line' id='line_1_12' title="bbox 574 1204 3007 1308; baseline -0.007 -16"><span class='ocrx_word' id='word_1_102' title='bbox 574 1243 804 1303; x_wconf 86' lang='lat' dir='ltr'>natur,</span> <span class='ocrx_word' id='word_1_103' title='bbox 856 1240 996 1286; x_wconf 89' lang='lat' dir='ltr'>non</span> <span class='ocrx_word' id='word_1_104' title='bbox 1028 1210 1270 1283; x_wconf 87' lang='lat' dir='ltr'>habeat</span> <span class='ocrx_word' id='word_1_105' title='bbox 1296 1206 1679 1282; x_wconf 88' lang='lat' dir='ltr'>affinitatem</span> <span class='ocrx_word' id='word_1_106' title='bbox 1710 1236 1861 1283; x_wconf 83' lang='lat' dir='ltr'>curn</span> <span class='ocrx_word' id='word_1_107' title='bbox 1892 1210 2209 1282; x_wconf 87' lang='lat' dir='ltr'>infinitate</span> <span class='ocrx_word' id='word_1_108' title='bbox 2247 1214 2428 1295; x_wconf 89' lang='lat' dir='ltr'>Dei,</span> <span class='ocrx_word' id='word_1_109' title='bbox 2468 1235 2613 1308; x_wconf 81' lang='lat' dir='ltr'>qua:</span> <span class='ocrx_word' id='word_1_110' title='bbox 2632 1204 3007 1279; x_wconf 81' lang='lat' dir='ltr'>inabsoluta</span> 
     </span>
     <span class='ocr_line' id='line_1_13' title="bbox 571 1303 3007 1414; baseline -0.006 -23"><span class='ocrx_word' id='word_1_111' title='bbox 571 1316 847 1392; x_wconf 70' lang='lat' dir='ltr'>scientiae</span> <span class='ocrx_word' id='word_1_112' title='bbox 875 1369 892 1397; x_wconf 90' lang='lat'>,</span> <span class='ocrx_word' id='word_1_113' title='bbox 920 1317 1233 1414; x_wconf 86' lang='lat' dir='ltr'>potentiae</span> <span class='ocrx_word' id='word_1_114' title='bbox 1255 1364 1277 1393; x_wconf 78' lang='lat'>‚</span> <span class='ocrx_word' id='word_1_115' title='bbox 1319 1310 1684 1384; x_wconf 81' lang='lat' dir='ltr'>durationis</span> <span class='ocrx_word' id='word_1_116' title='bbox 1718 1317 2149 1408; x_wconf 88' lang='lat' dir='ltr'>omniumque</span> <span class='ocrx_word' id='word_1_117' title='bbox 2166 1305 2649 1409; x_wconf 66' lang='lat' dir='ltr'>perfeffionum</span> <span class='ocrx_word' id='word_1_118' title='bbox 2668 1303 3007 1409; x_wconf 76' lang='lat' dir='ltr'>poffessio-</span> 
     </span>
     <span class='ocr_line' id='line_1_14' title="bbox 571 1404 3009 1510; baseline -0.006 -18"><span class='ocrx_word' id='word_1_119' title='bbox 571 1446 661 1492; x_wconf 82' lang='lat' dir='ltr'>ne</span> <span class='ocrx_word' id='word_1_120' title='bbox 699 1418 1007 1494; x_wconf 86' lang='lat' dir='ltr'>vertitur,</span> <span class='ocrx_word' id='word_1_121' title='bbox 1045 1438 1128 1485; x_wconf 89' lang='lat' dir='ltr'>ne</span> <span class='ocrx_word' id='word_1_122' title='bbox 1177 1417 1270 1483; x_wconf 90' lang='lat' dir='ltr'>ari</span> <span class='ocrx_word' id='word_1_123' title='bbox 1302 1432 1522 1483; x_wconf 79' lang='lat' dir='ltr'>tamen</span> <span class='ocrx_word' id='word_1_124' title='bbox 1556 1436 1693 1481; x_wconf 91' lang='lat' dir='ltr'>non</span> <span class='ocrx_word' id='word_1_125' title='bbox 1730 1413 1946 1510; x_wconf 87' lang='lat' dir='ltr'>potest</span> <span class='ocrx_word' id='word_1_126' title='bbox 1964 1464 1986 1497; x_wconf 89' lang='lat'>,</span> <span class='ocrx_word' id='word_1_127' title='bbox 2028 1416 2189 1510; x_wconf 89' lang='lat' dir='ltr'>quin</span> <span class='ocrx_word' id='word_1_128' title='bbox 2211 1414 2427 1508; x_wconf 86' lang='lat' dir='ltr'>operis</span> <span class='ocrx_word' id='word_1_129' title='bbox 2444 1408 2609 1482; x_wconf 82' lang='lat' dir='ltr'>illius</span> <span class='ocrx_word' id='word_1_130' title='bbox 2622 1404 3009 1510; x_wconf 85' lang='lat' dir='ltr'>magnitudo</span> 
     </span>
     <span class='ocr_line' id='line_1_15' title="bbox 582 1441 1680 1618; baseline -0.009 -25"><span class='ocrx_word' id='word_1_131' title='bbox 582 1522 807 1618; x_wconf 90' lang='lat' dir='ltr'>magni</span> <span class='ocrx_word' id='word_1_132' title='bbox 829 1514 1082 1613; x_wconf 89' lang='lat' dir='ltr'>opificis</span> <span class='ocrx_word' id='word_1_133' title='bbox 1106 1441 1181 1584; x_wconf 69' lang='lat' dir='ltr'>sigt</span> <span class='ocrx_word' id='word_1_134' title='bbox 1195 1535 1680 1611; x_wconf 82' lang='lat' dir='ltr'>argumentum.</span> 
     </span>
    </p>

    <p class='ocr_par' dir='ltr' id='par_1_5' title="bbox 536 1602 3029 1891">
     <span class='ocr_line' id='line_1_16' title="bbox 536 1602 3016 1712; baseline -0.004 -24"><span class='ocrx_word' id='word_1_135' title='bbox 536 1630 546 1638; x_wconf 84' lang='lat'><em>&#39;</em></span> <span class='ocrx_word' id='word_1_136' title='bbox 691 1623 802 1688; x_wconf 87' lang='lat'>16.</span> <span class='ocrx_word' id='word_1_137' title='bbox 856 1610 1459 1712; x_wconf 78' lang='lat' dir='ltr'>Qmadmodum</span> <span class='ocrx_word' id='word_1_138' title='bbox 1475 1616 1671 1680; x_wconf 87' lang='lat' dir='ltr'>etiam</span> <span class='ocrx_word' id='word_1_139' title='bbox 1690 1607 1966 1682; x_wconf 81' lang='lat' dir='ltr'>universi</span> <span class='ocrx_word' id='word_1_140' title='bbox 1983 1615 2181 1683; x_wconf 87' lang='lat' dir='ltr'>creati</span> <span class='ocrx_word' id='word_1_141' title='bbox 2201 1614 2410 1682; x_wconf 88' lang='lat' dir='ltr'>unitas</span> <span class='ocrx_word' id='word_1_142' title='bbox 2427 1661 2450 1695; x_wconf 94' lang='lat'>‚</span> <span class='ocrx_word' id='word_1_143' title='bbox 2494 1611 2798 1706; x_wconf 87' lang='lat' dir='ltr'>quamvis</span> <span class='ocrx_word' id='word_1_144' title='bbox 2814 1603 2851 1675; x_wconf 72' lang='lat'>3.</span> <span class='ocrx_word' id='word_1_145' title='bbox 2866 1602 3016 1678; x_wconf 81' lang='lat' dir='ltr'>sun-</span> 
     </span>
     <span class='ocr_line' id='line_1_17' title="bbox 585 1704 3029 1821; baseline -0.002 -36"><span class='ocrx_word' id='word_1_146' title='bbox 585 1713 933 1821; x_wconf 82' lang='lat' dir='ltr'>pliciffima</span> <span class='ocrx_word' id='word_1_147' title='bbox 964 1716 1096 1783; x_wconf 91' lang='lat' dir='ltr'>Dei</span> <span class='ocrx_word' id='word_1_148' title='bbox 1131 1708 1374 1783; x_wconf 79' lang='lat' dir='ltr'>unitate</span> <span class='ocrx_word' id='word_1_149' title='bbox 1416 1705 1673 1808; x_wconf 85' lang='lat' dir='ltr'>prorsus</span> <span class='ocrx_word' id='word_1_150' title='bbox 1703 1706 1959 1781; x_wconf 85' lang='lat' dir='ltr'>differat</span> <span class='ocrx_word' id='word_1_151' title='bbox 1979 1755 2003 1788; x_wconf 86' lang='lat'>‚</span> <span class='ocrx_word' id='word_1_152' title='bbox 2032 1735 2237 1782; x_wconf 87' lang='lat' dir='ltr'>unum</span> <span class='ocrx_word' id='word_1_153' title='bbox 2259 1708 2456 1781; x_wconf 85' lang='lat' dir='ltr'>nobis</span> <span class='ocrx_word' id='word_1_154' title='bbox 2481 1713 2877 1784; x_wconf 84' lang='lat' dir='ltr'>Creatorem</span> <span class='ocrx_word' id='word_1_155' title='bbox 2903 1704 3029 1780; x_wconf 89' lang='lat' dir='ltr'>de-.</span> 
     </span>
     <span class='ocr_line' id='line_1_18' title="bbox 589 1813 935 1891; baseline -0.017 -2"><span class='ocrx_word' id='word_1_156' title='bbox 589 1813 935 1891; x_wconf 86' lang='lat' dir='ltr'>monstrat.</span> 
     </span>
    </p>

    <p class='ocr_par' dir='ltr' id='par_1_6' title="bbox 589 1901 3029 2317">
     <span class='ocr_line' id='line_1_19' title="bbox 693 1901 3025 2011; baseline -0.003 -22"><span class='ocrx_word' id='word_1_157' title='bbox 693 1942 801 2011; x_wconf 81' lang='lat'>17.</span> <span class='ocrx_word' id='word_1_158' title='bbox 862 1914 1015 1984; x_wconf 90' lang='lat' dir='ltr'>Nec</span> <span class='ocrx_word' id='word_1_159' title='bbox 1047 1906 1192 1982; x_wconf 69' lang='lat' dir='ltr'>sane</span> <span class='ocrx_word' id='word_1_160' title='bbox 1219 1906 1436 2008; x_wconf 87' lang='lat' dir='ltr'>potest</span> <span class='ocrx_word' id='word_1_161' title='bbox 1457 1901 1823 1979; x_wconf 87' lang='lat' dir='ltr'>universum</span> <span class='ocrx_word' id='word_1_162' title='bbox 1845 1905 2188 1983; x_wconf 69' lang='lat' dir='ltr'>indefinite</span> <span class='ocrx_word' id='word_1_163' title='bbox 2207 1905 2539 1982; x_wconf 87' lang='lat' dir='ltr'>extensum</span> <span class='ocrx_word' id='word_1_164' title='bbox 2558 1905 2644 1980; x_wconf 88' lang='lat' dir='ltr'>ad</span> <span class='ocrx_word' id='word_1_165' title='bbox 2663 1908 2842 1982; x_wconf 87' lang='lat' dir='ltr'>aliud</span> <span class='ocrx_word' id='word_1_166' title='bbox 2862 1907 3025 2011; x_wconf 86' lang='lat' dir='ltr'>quid</span> 
     </span>
     <span class='ocr_line' id='line_1_20' title="bbox 589 2006 3022 2106; baseline -0.002 -18"><span class='ocrx_word' id='word_1_167' title='bbox 589 2014 825 2088; x_wconf 83' lang='lat' dir='ltr'>melius</span> <span class='ocrx_word' id='word_1_168' title='bbox 846 2009 1068 2084; x_wconf 86' lang='lat' dir='ltr'>referri</span> <span class='ocrx_word' id='word_1_169' title='bbox 1087 2054 1111 2087; x_wconf 71' lang='lat'><em>2</em></span> <span class='ocrx_word' id='word_1_170' title='bbox 1151 2010 1351 2106; x_wconf 69' lang='lat' dir='ltr'>quam</span> <span class='ocrx_word' id='word_1_171' title='bbox 1369 2006 1453 2078; x_wconf 90' lang='lat' dir='ltr'>ad</span> <span class='ocrx_word' id='word_1_172' title='bbox 1477 2012 1703 2079; x_wconf 88' lang='lat' dir='ltr'>Deum</span> <span class='ocrx_word' id='word_1_173' title='bbox 1720 2062 1741 2095; x_wconf 85' lang='lat'>,</span> <span class='ocrx_word' id='word_1_174' title='bbox 1776 2013 1893 2105; x_wconf 85' lang='lat' dir='ltr'>qui</span> <span class='ocrx_word' id='word_1_175' title='bbox 1909 2006 1994 2080; x_wconf 86' lang='lat' dir='ltr'>fic</span> <span class='ocrx_word' id='word_1_176' title='bbox 2024 2034 2193 2081; x_wconf 87' lang='lat' dir='ltr'>unus</span> <span class='ocrx_word' id='word_1_177' title='bbox 2218 2009 2310 2081; x_wconf 89' lang='lat' dir='ltr'>est</span> <span class='ocrx_word' id='word_1_178' title='bbox 2327 2052 2351 2089; x_wconf 83' lang='lat'>‚</span> <span class='ocrx_word' id='word_1_179' title='bbox 2375 2033 2447 2081; x_wconf 91' lang='lat' dir='ltr'>ut</span> <span class='ocrx_word' id='word_1_180' title='bbox 2463 2006 2650 2081; x_wconf 88' lang='lat' dir='ltr'>fimul</span> <span class='ocrx_word' id='word_1_181' title='bbox 2662 2008 2740 2083; x_wconf 86' lang='lat' dir='ltr'>fit</span> <span class='ocrx_word' id='word_1_182' title='bbox 2758 2017 2982 2083; x_wconf 87' lang='lat' dir='ltr'>omnia</span> <span class='ocrx_word' id='word_1_183' title='bbox 2997 2064 3022 2097; x_wconf 86' lang='lat'><strong>,</strong></span> 
     </span>
     <span class='ocr_line' id='line_1_21' title="bbox 594 2103 3029 2208; baseline -0.001 -22"><span class='ocrx_word' id='word_1_184' title='bbox 594 2109 870 2189; x_wconf 85' lang='lat' dir='ltr'>Siracid.</span> <span class='ocrx_word' id='word_1_185' title='bbox 893 2139 941 2202; x_wconf 89' lang='lat'>4</span> <span class='ocrx_word' id='word_1_186' title='bbox 954 2138 980 2203; x_wconf 77' lang='lat'><em>3</em></span> <span class='ocrx_word' id='word_1_187' title='bbox 995 2161 1015 2183; x_wconf 95' lang='lat'>.</span> <span class='ocrx_word' id='word_1_188' title='bbox 1047 2133 1132 2200; x_wconf 87' lang='lat'>29</span> <span class='ocrx_word' id='word_1_189' title='bbox 1157 2136 1174 2179; x_wconf 76' lang='lat' dir='ltr'><strong><em>z</em></strong></span> <span class='ocrx_word' id='word_1_190' title='bbox 1198 2116 1268 2179; x_wconf 77' lang='grc' dir='ltr'>δε</span> <span class='ocrx_word' id='word_1_191' title='bbox 1288 2107 1325 2177; x_wconf 72' lang='lat' dir='ltr'>a</span> <span class='ocrx_word' id='word_1_192' title='bbox 1344 2133 1481 2204; x_wconf 90' lang='lat' dir='ltr'>quo</span> <span class='ocrx_word' id='word_1_193' title='bbox 1499 2103 1643 2178; x_wconf 91' lang='lat' dir='ltr'>solo</span> <span class='ocrx_word' id='word_1_194' title='bbox 1664 2107 1914 2208; x_wconf 88' lang='lat' dir='ltr'>pendet</span> <span class='ocrx_word' id='word_1_195' title='bbox 1928 2116 1997 2183; x_wconf 89' lang='lat'><strong>&amp;</strong></span> <span class='ocrx_word' id='word_1_196' title='bbox 2014 2105 2424 2181; x_wconf 85' lang='lat' dir='ltr'>conservatur</span> <span class='ocrx_word' id='word_1_197' title='bbox 2434 2111 2716 2183; x_wconf 87' lang='lat' dir='ltr'>Materia</span> <span class='ocrx_word' id='word_1_198' title='bbox 2731 2111 3029 2186; x_wconf 60' lang='lat' dir='ltr'>universe</span> 
     </span>
     <span class='ocr_line' id='line_1_22' title="bbox 597 2206 2285 2317; baseline -0.001 -33"><span class='ocrx_word' id='word_1_199' title='bbox 597 2211 882 2317; x_wconf 59' lang='lat' dir='ltr'>speaata</span> <span class='ocrx_word' id='word_1_200' title='bbox 903 2267 921 2294; x_wconf 89' lang='lat'><strong>,</strong></span> <span class='ocrx_word' id='word_1_201' title='bbox 960 2233 1158 2309; x_wconf 88' lang='lat' dir='ltr'>quam</span> <span class='ocrx_word' id='word_1_202' title='bbox 1181 2212 1458 2307; x_wconf 89' lang='lat' dir='ltr'>primam</span> <span class='ocrx_word' id='word_1_203' title='bbox 1477 2232 1757 2294; x_wconf 86' lang='lat' dir='ltr'>vocant,</span> <span class='ocrx_word' id='word_1_204' title='bbox 1777 2206 2020 2309; x_wconf 81' lang='lat' dir='ltr'>disp.4.</span> <span class='ocrx_word' id='word_1_205' title='bbox 2045 2207 2144 2282; x_wconf 86' lang='lat' dir='ltr'>th.</span> <span class='ocrx_word' id='word_1_206' title='bbox 2177 2235 2202 2284; x_wconf 78' lang='grc' dir='ltr'><strong>ι</strong></span> <span class='ocrx_word' id='word_1_207' title='bbox 2222 2235 2285 2303; x_wconf 88' lang='lat'>5.</span> 
     </span>
    </p>

    <p class='ocr_par' dir='ltr' id='par_1_7' title="bbox 602 2305 3040 2910">
     <span class='ocr_line' id='line_1_23' title="bbox 711 2305 3034 2411; baseline 0 -29"><span class='ocrx_word' id='word_1_208' title='bbox 711 2318 818 2384; x_wconf 89' lang='lat'>18.</span> <span class='ocrx_word' id='word_1_209' title='bbox 866 2312 971 2382; x_wconf 78' lang='lat' dir='ltr'>Est</span> <span class='ocrx_word' id='word_1_210' title='bbox 997 2316 1191 2411; x_wconf 82' lang='lat' dir='ltr'>igitur</span> <span class='ocrx_word' id='word_1_211' title='bbox 1235 2333 1436 2380; x_wconf 88' lang='lat' dir='ltr'>unum</span> <span class='ocrx_word' id='word_1_212' title='bbox 1479 2316 1869 2383; x_wconf 88' lang='lat' dir='ltr'>continuum</span> <span class='ocrx_word' id='word_1_213' title='bbox 1895 2305 2258 2393; x_wconf 86' lang='lat' dir='ltr'>extensum,</span> <span class='ocrx_word' id='word_1_214' title='bbox 2293 2306 2484 2383; x_wconf 89' lang='lat' dir='ltr'>nullo</span> <span class='ocrx_word' id='word_1_215' title='bbox 2505 2308 2609 2385; x_wconf 87' lang='lat' dir='ltr'>vel</span> <span class='ocrx_word' id='word_1_216' title='bbox 2626 2315 2903 2384; x_wconf 88' lang='lat' dir='ltr'>minimo</span> <span class='ocrx_word' id='word_1_217' title='bbox 2920 2336 3034 2385; x_wconf 78' lang='lat' dir='ltr'>va-</span> 
     </span>
     <span class='ocr_line' id='line_1_24' title="bbox 603 2407 3033 2514; baseline -0.001 -28"><span class='ocrx_word' id='word_1_218' title='bbox 603 2437 735 2486; x_wconf 87' lang='lat' dir='ltr'>cuo</span> <span class='ocrx_word' id='word_1_219' title='bbox 766 2407 1036 2510; x_wconf 89' lang='lat' dir='ltr'>usquam</span> <span class='ocrx_word' id='word_1_220' title='bbox 1063 2414 1529 2510; x_wconf 80' lang='lat' dir='ltr'>interruptum,</span> <span class='ocrx_word' id='word_1_221' title='bbox 1566 2408 1791 2489; x_wconf 86' lang='lat' dir='ltr'>nullo,</span> <span class='ocrx_word' id='word_1_222' title='bbox 1822 2436 2019 2508; x_wconf 89' lang='lat' dir='ltr'>quem</span> <span class='ocrx_word' id='word_1_223' title='bbox 2046 2414 2516 2514; x_wconf 86' lang='lat' dir='ltr'>imaginatione</span> <span class='ocrx_word' id='word_1_224' title='bbox 2553 2408 2791 2511; x_wconf 73' lang='lat' dir='ltr'>ass‘equi</span> <span class='ocrx_word' id='word_1_225' title='bbox 2817 2410 3033 2484; x_wconf 85' lang='lat' dir='ltr'>valea·</span> 
     </span>
     <span class='ocr_line' id='line_1_25' title="bbox 602 2507 3034 2611; baseline -0 -25"><span class='ocrx_word' id='word_1_226' title='bbox 602 2538 774 2592; x_wconf 86' lang='lat' dir='ltr'>mus,</span> <span class='ocrx_word' id='word_1_227' title='bbox 794 2517 1076 2584; x_wconf 89' lang='lat' dir='ltr'>termino</span> <span class='ocrx_word' id='word_1_228' title='bbox 1094 2507 1646 2611; x_wconf 83' lang='lat' dir='ltr'>circumscriptum</span> <span class='ocrx_word' id='word_1_229' title='bbox 1658 2509 1763 2583; x_wconf 86' lang='lat' dir='ltr'>vel</span> <span class='ocrx_word' id='word_1_230' title='bbox 1776 2534 2042 2586; x_wconf 86' lang='lat' dir='ltr'>externo</span> <span class='ocrx_word' id='word_1_231' title='bbox 2061 2509 2238 2611; x_wconf 88' lang='lat' dir='ltr'>quafi</span> <span class='ocrx_word' id='word_1_232' title='bbox 2253 2536 2468 2585; x_wconf 87' lang='lat' dir='ltr'>vacuo</span> <span class='ocrx_word' id='word_1_233' title='bbox 2489 2516 3034 2599; x_wconf 48' lang='lat' dir='ltr'>&amp;namnetum</span> 
     </span>
     <span class='ocr_line' id='line_1_26' title="bbox 605 2607 3035 2715; baseline -0 -29"><span class='ocrx_word' id='word_1_234' title='bbox 605 2610 852 2711; x_wconf 89' lang='lat' dir='ltr'>ubique</span> <span class='ocrx_word' id='word_1_235' title='bbox 873 2611 1146 2715; x_wconf 90' lang='lat' dir='ltr'>plenum</span> <span class='ocrx_word' id='word_1_236' title='bbox 1170 2665 1192 2695; x_wconf 90' lang='lat'>,</span> <span class='ocrx_word' id='word_1_237' title='bbox 1221 2610 1697 2712; x_wconf 88' lang='lat' dir='ltr'>plenitudinem</span> <span class='ocrx_word' id='word_1_238' title='bbox 1710 2607 2133 2711; x_wconf 69' lang='lat' dir='ltr'>perfeffionis</span> <span class='ocrx_word' id='word_1_239' title='bbox 2154 2667 2176 2699; x_wconf 91' lang='lat'><strong>,</strong></span> <span class='ocrx_word' id='word_1_240' title='bbox 2214 2638 2357 2712; x_wconf 83' lang='lat' dir='ltr'>quae</span> <span class='ocrx_word' id='word_1_241' title='bbox 2378 2611 2554 2683; x_wconf 88' lang='lat' dir='ltr'>estin</span> <span class='ocrx_word' id='word_1_242' title='bbox 2575 2612 2850 2713; x_wconf 86' lang='lat' dir='ltr'>Opifice</span> <span class='ocrx_word' id='word_1_243' title='bbox 2872 2666 2897 2698; x_wconf 91' lang='lat'>,</span> <span class='ocrx_word' id='word_1_244' title='bbox 2935 2635 3035 2685; x_wconf 86' lang='lat' dir='ltr'>te·-</span> 
     </span>
     <span class='ocr_line' id='line_1_27' title="bbox 606 2710 3040 2814; baseline 0 -28"><span class='ocrx_word' id='word_1_245' title='bbox 606 2714 777 2786; x_wconf 73' lang='lat' dir='ltr'>stans</span> <span class='ocrx_word' id='word_1_246' title='bbox 808 2723 880 2787; x_wconf 75' lang='grc' dir='ltr'>δι</span> <span class='ocrx_word' id='word_1_247' title='bbox 912 2715 1205 2786; x_wconf 80' lang='lat' dir='ltr'>nostrum</span> <span class='ocrx_word' id='word_1_248' title='bbox 1232 2710 1929 2814; x_wconf 69' lang='lat' dir='ltr'>implensintellestum</span> <span class='ocrx_word' id='word_1_249' title='bbox 1952 2763 1975 2799; x_wconf 92' lang='lat'>,</span> <span class='ocrx_word' id='word_1_250' title='bbox 2007 2713 2181 2800; x_wconf 76' lang='lat' dir='ltr'>adeo,</span> <span class='ocrx_word' id='word_1_251' title='bbox 2202 2738 2274 2787; x_wconf 95' lang='lat' dir='ltr'>ut</span> <span class='ocrx_word' id='word_1_252' title='bbox 2293 2710 2638 2785; x_wconf 70' lang='lat' dir='ltr'>mundanae</span> <span class='ocrx_word' id='word_1_253' title='bbox 2654 2711 3040 2787; x_wconf 73' lang='lat' dir='ltr'>extensionis</span> 
     </span>
     <span class='ocr_line' id='line_1_28' title="bbox 610 2812 1759 2910; baseline -0.004 -24"><span class='ocrx_word' id='word_1_254' title='bbox 610 2812 774 2886; x_wconf 83' lang='lat' dir='ltr'>fines</span> <span class='ocrx_word' id='word_1_255' title='bbox 796 2813 969 2884; x_wconf 83' lang='lat' dir='ltr'>ullos</span> <span class='ocrx_word' id='word_1_256' title='bbox 993 2819 1308 2910; x_wconf 86' lang='lat' dir='ltr'>attingere</span> <span class='ocrx_word' id='word_1_257' title='bbox 1330 2839 1759 2910; x_wconf 68' lang='lat' dir='ltr'>nequeamus.</span> 
     </span>
    </p>

    <p class='ocr_par' dir='ltr' id='par_1_8' title="bbox 613 2907 3045 3410">
     <span class='ocr_line' id='line_1_29' title="bbox 722 2907 3038 3010; baseline 0.004 -30"><span class='ocrx_word' id='word_1_258' title='bbox 722 2935 839 3008; x_wconf 87' lang='lat'>¹9·</span> <span class='ocrx_word' id='word_1_259' title='bbox 897 2914 987 2980; x_wconf 84' lang='lat' dir='ltr'>Ex</span> <span class='ocrx_word' id='word_1_260' title='bbox 1023 2907 1212 2980; x_wconf 65' lang='lat' dir='ltr'>dicitis</span> <span class='ocrx_word' id='word_1_261' title='bbox 1243 2916 1439 2980; x_wconf 87' lang='lat' dir='ltr'>etiam</span> <span class='ocrx_word' id='word_1_262' title='bbox 1473 2911 1680 3008; x_wconf 89' lang='lat' dir='ltr'>liquet</span> <span class='ocrx_word' id='word_1_263' title='bbox 1708 2936 1904 2982; x_wconf 88' lang='lat' dir='ltr'>unam</span> <span class='ocrx_word' id='word_1_264' title='bbox 1940 2913 2352 3010; x_wconf 87' lang='lat' dir='ltr'>eandemque</span> <span class='ocrx_word' id='word_1_265' title='bbox 2381 2912 2508 2986; x_wconf 85' lang='lat' dir='ltr'>esse</span> <span class='ocrx_word' id='word_1_266' title='bbox 2541 2912 2692 2988; x_wconf 84' lang='lat' dir='ltr'>coeli</span> <span class='ocrx_word' id='word_1_267' title='bbox 2730 2940 2808 2987; x_wconf 83' lang='lat' dir='ltr'>ac</span> <span class='ocrx_word' id='word_1_268' title='bbox 2851 2938 3038 2990; x_wconf 78' lang='lat' dir='ltr'>terrae</span> 
     </span>
     <span class='ocr_line' id='line_1_30' title="bbox 615 3004 3042 3116; baseline 0.002 -34"><span class='ocrx_word' id='word_1_269' title='bbox 615 3011 1054 3105; x_wconf 88' lang='lat' dir='ltr'>omniumque</span> <span class='ocrx_word' id='word_1_270' title='bbox 1090 3004 1261 3079; x_wconf 75' lang='lat' dir='ltr'>adeo</span> <span class='ocrx_word' id='word_1_271' title='bbox 1286 3009 1513 3080; x_wconf 91' lang='lat' dir='ltr'>mundi</span> <span class='ocrx_word' id='word_1_272' title='bbox 1530 3035 1890 3109; x_wconf 85' lang='lat' dir='ltr'>corporum</span> <span class='ocrx_word' id='word_1_273' title='bbox 1912 3017 2245 3083; x_wconf 87' lang='lat' dir='ltr'>materiam</span> <span class='ocrx_word' id='word_1_274' title='bbox 2282 3032 2308 3104; x_wconf 87' lang='lat'>(</span> <span class='ocrx_word' id='word_1_275' title='bbox 2332 3014 2619 3116; x_wconf 86' lang='lat' dir='ltr'>intellige</span> <span class='ocrx_word' id='word_1_276' title='bbox 2635 3007 2840 3114; x_wconf 86' lang='lat' dir='ltr'>ipsam</span> <span class='ocrx_word' id='word_1_277' title='bbox 2853 3013 3042 3087; x_wconf 88' lang='lat' dir='ltr'>illam</span> 
     </span>
     <span class='ocr_line' id='line_1_31' title="bbox 613 3106 3044 3210; baseline 0.001 -28"><span class='ocrx_word' id='word_1_278' title='bbox 613 3110 936 3209; x_wconf 78' lang='lat' dir='ltr'>primam)</span> <span class='ocrx_word' id='word_1_279' title='bbox 967 3131 1205 3207; x_wconf 89' lang='lat' dir='ltr'>utpote</span> <span class='ocrx_word' id='word_1_280' title='bbox 1240 3116 1419 3206; x_wconf 85' lang='lat' dir='ltr'>cujus</span> <span class='ocrx_word' id='word_1_281' title='bbox 1457 3107 1720 3181; x_wconf 87' lang='lat' dir='ltr'>essentia</span> <span class='ocrx_word' id='word_1_282' title='bbox 1746 3160 1767 3192; x_wconf 88' lang='lat'><strong>,</strong></span> <span class='ocrx_word' id='word_1_283' title='bbox 1812 3106 1924 3179; x_wconf 90' lang='lat' dir='ltr'>ubi</span> <span class='ocrx_word' id='word_1_284' title='bbox 1946 3107 2060 3181; x_wconf 89' lang='lat' dir='ltr'>ubi</span> <span class='ocrx_word' id='word_1_285' title='bbox 2078 3135 2363 3210; x_wconf 88' lang='lat' dir='ltr'>ponatur</span> <span class='ocrx_word' id='word_1_286' title='bbox 2380 3167 2399 3195; x_wconf 87' lang='lat'>‚</span> <span class='ocrx_word' id='word_1_287' title='bbox 2437 3120 2505 3184; x_wconf 89' lang='lat' dir='ltr'>in</span> <span class='ocrx_word' id='word_1_288' title='bbox 2522 3112 2890 3189; x_wconf 78' lang='lat' dir='ltr'>extensione</span> <span class='ocrx_word' id='word_1_289' title='bbox 2910 3112 3044 3186; x_wconf 88' lang='lat' dir='ltr'>sola</span> 
     </span>
     <span class='ocr_line' id='line_1_32' title="bbox 616 3204 3045 3314; baseline 0.004 -36"><span class='ocrx_word' id='word_1_290' title='bbox 616 3204 924 3279; x_wconf 87' lang='lat' dir='ltr'>confistit.</span> <span class='ocrx_word' id='word_1_291' title='bbox 974 3211 1126 3280; x_wconf 85' lang='lat' dir='ltr'>Nec</span> <span class='ocrx_word' id='word_1_292' title='bbox 1147 3205 1326 3280; x_wconf 89' lang='lat' dir='ltr'>aliud</span> <span class='ocrx_word' id='word_1_293' title='bbox 1347 3214 1617 3279; x_wconf 88' lang='lat' dir='ltr'>nomine</span> <span class='ocrx_word' id='word_1_294' title='bbox 1635 3211 1931 3282; x_wconf 70' lang='lat' dir='ltr'>Materiae</span> <span class='ocrx_word' id='word_1_295' title='bbox 1948 3209 2332 3310; x_wconf 82' lang='lat' dir='ltr'>generaliter</span> <span class='ocrx_word' id='word_1_296' title='bbox 2346 3209 2766 3291; x_wconf 82' lang='lat' dir='ltr'>confideratae</span> <span class='ocrx_word' id='word_1_297' title='bbox 2786 3266 2808 3295; x_wconf 84' lang='lat'>‚</span> <span class='ocrx_word' id='word_1_298' title='bbox 2842 3213 3045 3314; x_wconf 66' lang='lat' dir='ltr'>quam</span> 
     </span>
     <span class='ocr_line' id='line_1_33' title="bbox 618 3305 1964 3410; baseline 0 -29"><span class='ocrx_word' id='word_1_299' title='bbox 618 3305 952 3381; x_wconf 85' lang='lat' dir='ltr'>extensum</span> <span class='ocrx_word' id='word_1_300' title='bbox 970 3305 1216 3405; x_wconf 86' lang='lat' dir='ltr'>aliquid</span> <span class='ocrx_word' id='word_1_301' title='bbox 1229 3306 1588 3410; x_wconf 83' lang='lat' dir='ltr'>intelligere</span> <span class='ocrx_word' id='word_1_302' title='bbox 1610 3306 1964 3408; x_wconf 71' lang='lat' dir='ltr'>postumus·</span> 
     </span>
    </p>
   </div>
   <div class='ocr_carea' id='block_1_2' title="bbox 620 3407 3050 3599">
    <p class='ocr_par' dir='ltr' id='par_1_9' title="bbox 620 3407 3050 3599">
     <span class='ocr_line' id='line_1_34' title="bbox 723 3407 3050 3503; baseline 0.003 -23"><span class='ocrx_word' id='word_1_303' title='bbox 723 3433 838 3480; x_wconf 68' lang='grc' dir='ltr'>ιο.</span> <span class='ocrx_word' id='word_1_304' title='bbox 890 3412 1237 3503; x_wconf 81' lang='lat' dir='ltr'>Qomam</span> <span class='ocrx_word' id='word_1_305' title='bbox 1275 3408 1431 3479; x_wconf 73' lang='lat' dir='ltr'>veto</span> <span class='ocrx_word' id='word_1_306' title='bbox 1470 3414 1744 3481; x_wconf 86' lang='lat' dir='ltr'>materia</span> <span class='ocrx_word' id='word_1_307' title='bbox 1784 3410 1999 3481; x_wconf 85' lang='lat' dir='ltr'>omnis</span> <span class='ocrx_word' id='word_1_308' title='bbox 2017 3410 2246 3483; x_wconf 62' lang='lat' dir='ltr'>natura</span> <span class='ocrx_word' id='word_1_309' title='bbox 2264 3407 2374 3484; x_wconf 65' lang='lat' dir='ltr'>sua</span> <span class='ocrx_word' id='word_1_310' title='bbox 2392 3410 2789 3497; x_wconf 84' lang='lat' dir='ltr'>extensaest‚</span> <span class='ocrx_word' id='word_1_311' title='bbox 2827 3415 3050 3489; x_wconf 86' lang='lat' dir='ltr'>omnis</span> 
     </span>
     <span class='ocr_line' id='line_1_35' title="bbox 620 3503 3049 3599; baseline 0.005 -21"><span class='ocrx_word' id='word_1_312' title='bbox 620 3510 822 3579; x_wconf 88' lang='lat' dir='ltr'>etiam</span> <span class='ocrx_word' id='word_1_313' title='bbox 856 3531 1085 3578; x_wconf 86' lang='lat' dir='ltr'>natura</span> <span class='ocrx_word' id='word_1_314' title='bbox 1115 3503 1241 3577; x_wconf 85' lang='lat' dir='ltr'>five</span> <span class='ocrx_word' id='word_1_315' title='bbox 1277 3506 1648 3580; x_wconf 79' lang='lat' dir='ltr'>extensione</span> <span class='ocrx_word' id='word_1_316' title='bbox 1683 3505 1786 3580; x_wconf 69' lang='lat' dir='ltr'>sua</span> <span class='ocrx_word' id='word_1_317' title='bbox 1807 3506 2073 3582; x_wconf 88' lang='lat' dir='ltr'>dividua</span> <span class='ocrx_word' id='word_1_318' title='bbox 2094 3512 2184 3583; x_wconf 89' lang='lat' dir='ltr'>est</span> <span class='ocrx_word' id='word_1_319' title='bbox 2201 3564 2223 3599; x_wconf 88' lang='lat'>,</span> <span class='ocrx_word' id='word_1_320' title='bbox 2268 3513 2422 3586; x_wconf 73' lang='lat' dir='ltr'>cum</span> <span class='ocrx_word' id='word_1_321' title='bbox 2437 3510 2762 3587; x_wconf 71' lang='lat' dir='ltr'>extensum</span> <span class='ocrx_word' id='word_1_322' title='bbox 2779 3515 2943 3597; x_wconf 81' lang='lat' dir='ltr'>effe,</span> <span class='ocrx_word' id='word_1_323' title='bbox 2973 3510 3049 3588; x_wconf 84' lang='lat' dir='ltr'>fit</span> 
     </span>
    </p>
   </div>
   <div class='ocr_carea' id='block_1_3' title="bbox 618 3603 3050 3805">
    <p class='ocr_par' dir='ltr' id='par_1_10' title="bbox 618 3603 3050 3805">
     <span class='ocr_line' id='line_1_36' title="bbox 618 3603 3050 3777; baseline 0.005 -100"><span class='ocrx_word' id='word_1_324' title='bbox 618 3630 877 3777; x_wconf 76' lang='lat' dir='ltr'>partem</span> <span class='ocrx_word' id='word_1_325' title='bbox 914 3604 1158 3678; x_wconf 86' lang='lat' dir='ltr'>habete</span> <span class='ocrx_word' id='word_1_326' title='bbox 1194 3603 1478 3707; x_wconf 79' lang='lat' dir='ltr'>positam</span> <span class='ocrx_word' id='word_1_327' title='bbox 1511 3633 1685 3679; x_wconf 79' lang='lat' dir='ltr'>extra</span> <span class='ocrx_word' id='word_1_328' title='bbox 1710 3631 1959 3708; x_wconf 85' lang='lat' dir='ltr'>partem</span> <span class='ocrx_word' id='word_1_329' title='bbox 1983 3662 2006 3696; x_wconf 92' lang='lat'>,</span> <span class='ocrx_word' id='word_1_330' title='bbox 2035 3611 2207 3686; x_wconf 89' lang='lat' dir='ltr'>adeo</span> <span class='ocrx_word' id='word_1_331' title='bbox 2243 3620 2520 3687; x_wconf 65' lang='lat' dir='ltr'>mm</span> <span class='ocrx_word' id='word_1_332' title='bbox 2538 3612 2678 3692; x_wconf 76' lang='lat' dir='ltr'>hoc</span> <span class='ocrx_word' id='word_1_333' title='bbox 2702 3618 3050 3718; x_wconf 77' lang='lat' dir='ltr'>estcotpu-</span> 
     </span>
     <span class='ocr_line' id='line_1_37' title="bbox 645 3703 2010 3805; baseline 0.001 -26"><span class='ocrx_word' id='word_1_334' title='bbox 645 3709 793 3779; x_wconf 84' lang='lat' dir='ltr'>cula</span> <span class='ocrx_word' id='word_1_335' title='bbox 808 3703 1179 3805; x_wconf 83' lang='lat' dir='ltr'>simpliciter</span> <span class='ocrx_word' id='word_1_336' title='bbox 1192 3704 1531 3780; x_wconf 85' lang='lat' dir='ltr'>individua</span> <span class='ocrx_word' id='word_1_337' title='bbox 1552 3705 1728 3780; x_wconf 87' lang='lat' dir='ltr'>nulla</span> <span class='ocrx_word' id='word_1_338' title='bbox 1747 3708 2010 3781; x_wconf 83' lang='lat' dir='ltr'>dentur.</span> 
     </span>
    </p>
   </div>
   <div class='ocr_carea' id='block_1_4' title="bbox 614 3804 3053 4117">
    <p class='ocr_par' dir='ltr' id='par_1_11' title="bbox 614 3804 3053 4117">
     <span class='ocr_line' id='line_1_38' title="bbox 723 3804 3053 3913; baseline 0.003 -35"><span class='ocrx_word' id='word_1_339' title='bbox 723 3817 839 3881; x_wconf 57' lang='grc' dir='ltr'>τι.</span> <span class='ocrx_word' id='word_1_340' title='bbox 894 3811 995 3880; x_wconf 81' lang='lat' dir='ltr'>Ac</span> <span class='ocrx_word' id='word_1_341' title='bbox 1029 3804 1208 3878; x_wconf 81' lang='lat' dir='ltr'>ficun·</span> <span class='ocrx_word' id='word_1_342' title='bbox 1237 3833 1382 3880; x_wconf 80' lang='lat' dir='ltr'>non</span> <span class='ocrx_word' id='word_1_343' title='bbox 1417 3805 1749 3907; x_wconf 85' lang='lat' dir='ltr'>possumus</span> <span class='ocrx_word' id='word_1_344' title='bbox 1782 3811 2125 3910; x_wconf 84' lang='lat' dir='ltr'>imaginari</span> <span class='ocrx_word' id='word_1_345' title='bbox 2164 3809 3053 3913; x_wconf 73' lang='lat' dir='ltr'>mundumcorporemn.t2m</span> 
     </span>
     <span class='ocr_line' id='line_1_39' title="bbox 614 3905 3053 4015; baseline 0.003 -35"><span class='ocrx_word' id='word_1_346' title='bbox 614 3928 926 4010; x_wconf 84' lang='lat' dir='ltr'>magnum</span> <span class='ocrx_word' id='word_1_347' title='bbox 944 3950 974 3985; x_wconf 79' lang='lat'>‚</span> <span class='ocrx_word' id='word_1_348' title='bbox 1009 3913 1164 4006; x_wconf 83' lang='lat' dir='ltr'>quin</span> <span class='ocrx_word' id='word_1_349' title='bbox 1196 3906 1542 3982; x_wconf 70' lang='lat' dir='ltr'>indefinite</span> <span class='ocrx_word' id='word_1_350' title='bbox 1568 3914 1898 4006; x_wconf 84' lang='lat' dir='ltr'>majorem</span> <span class='ocrx_word' id='word_1_351' title='bbox 1913 3905 2035 3982; x_wconf 79' lang='lat' dir='ltr'>effe</span> <span class='ocrx_word' id='word_1_352' title='bbox 2051 3910 2529 4013; x_wconf 84' lang='lat' dir='ltr'>intelligamus:</span> <span class='ocrx_word' id='word_1_353' title='bbox 2556 3918 2646 3985; x_wconf 87' lang='lat' dir='ltr'>ita</span> <span class='ocrx_word' id='word_1_354' title='bbox 2654 3913 3053 4015; x_wconf 70' lang='lat' dir='ltr'>particulam</span> 
     </span>
     <span class='ocr_line' id='line_1_40' title="bbox 2796 4039 3047 4117; baseline 0.004 -31"><span class='ocrx_word' id='word_1_355' title='bbox 2796 4039 3047 4117; x_wconf 85' lang='lat' dir='ltr'>corpo-</span> 
     </span>
    </p>
   </div>
  </div>
 </body>
</html>
