3391 4418
1011 114 1016 141 ³
1098 100 1298 189 Co
1357 114 2011 207 n'jufusscr
2072 134 2108 197 r
2162 116 2283 195 o.-'
2716 137 2897 227 457

435 233 580 307 ‘uno
611 219 840 301 strvan‘
868 217 1116 294 docent
1141 216 1431 291 Politici.
1487 226 1605 293 'Ita
1624 246 1909 323 corpore
1933 220 2107 297 sarto
2137 228 2359 316 ref-to,
2386 224 2839 330 compositum
2858 287 2883 322 ,

437 330 627 432 quod
650 349 962 403 vocamus
985 325 1354 393 Hominem
1375 374 1397 407 ,
1431 317 1656 395 servari
1677 323 2127 426 intelligimus.
2334 409 2342 414 .

538 462 564 508 ι
590 460 647 506 ι.
701 425 1022 528 Equidem
1058 426 1353 494 aditiones
1394 447 1649 499 exercet
1677 421 1955 497 homine
1977 426 2382 526 digniffimas
2418 434 2445 523 (
2471 454 2690 532 repete
2714 458 2863 537 cap.

305 540 312 543 “
423 538 637 611 LXII.
660 540 768 625 5.)
803 525 848 597 fi
870 547 1160 598 mentem
1179 520 1382 595 solam
1403 520 1701 626 respicias
1720 579 1743 612 ,
1783 533 1897 626 qui
1916 553 2133 601 rerum
2156 526 2522 602 divinarum
2549 558 2857 607 contem.

422 636 696 737 plationi
727 639 791 704 δι
826 628 1045 700 amori
1065 647 1252 698 {totus
1273 623 1612 700 immersus
1631 629 1750 700 est.
1786 627 2013 722 (sicuti
2043 630 2360 703 &Paulus
2383 637 2451 701 in
2477 631 2848 710 Paradisum

418 760 636 835 raptus
670 726 1028 802 ineffabilia
1049 725 1248 799 verba
1268 726 1521 800 audivit
1540 773 1563 810 ,
1594 757 1639 804 2
1663 731 1833 802 Cor.
1856 757 1882 803 1
1904 740 2001 812 2.)
2036 726 2144 801 sed
2168 728 2359 804 facile
2391 736 2629 806 accidit
2648 758 2721 806 ut
2740 739 2845 807 in-
2908 778 2927 791 --

417 859 593 910 terea
625 859 764 907 non
795 851 1090 902 exerceat
1110 851 1218 898 eas
1238 872 1268 914 ,-
1344 853 1439 901 uae
1475 836 1813 931 pertinent
1853 830 1938 904 ad
1978 834 2456 933 compostum,
2480 862 2624 934 quae
2642 861 2841 911 vitam

411 942 662 1020 totius,
702 937 910 1005 vitam
940 928 1287 1000 animalem
1338 935 1583 1005 aciunt.

415 1024 422 1033 ’Ν
514 1063 625 1112 12.
677 1026 993 1128 Cumque
1027 1035 1264 1132 pagina
1302 1029 1471 1104 {acra
1506 1036 1904 1133 pronunciet
1942 1033 2327 1108 hominibus
2362 1037 2669 1108 statutum
2705 1030 2829 1111 elle

392 1126 570 1236 fimet
589 1127 772 1218 mori,
803 1127 1022 1227 Hebr.
1043 1158 1118 1220 9.
1158 1155 1300 1202 non
1333 1133 1426 1203 est
1445 1158 1559 1207 cur
1579 1134 1924 1234 tantopere
1947 1134 1985 1204 zi
2019 1142 2365 1207 communi
2390 1134 2712 1233 loquendi
2731 1164 2829 1209 ra.

403 1243 587 1309 tione
620 1229 1052 1304 deflectamus·
1078 1283 1101 1318 ,
1141 1254 1214 1303 ut
1241 1231 1414 1305 mori
1439 1238 1636 1309 toties
1672 1233 2021 1307 hominem
2060 1237 2526 1320 existimemus,
2567 1243 2832 1334 quoties

402 1359 646 1436 corpus
683 1342 753 1408 &
779 1337 994 1407 anima
1024 1356 1146 1432 per
1177 1335 1360 1407 actus
1393 1329 1788 1407 transeuntes
1810 1337 1881 1405 in
1918 1360 2003 1406 eo
2037 1340 2376 1439 cooperari
2397 1334 2656 1408 cessant.
2720 1335 2831 1409 Ad

396 1461 688 1510 mortem
723 1459 948 1509 veram
983 1455 1123 1505 non
1149 1432 1428 1506 totalem
1450 1429 1659 1509 solum
1684 1487 1706 1517 ‚
1746 1435 1968 1508 verum
1990 1441 2194 1507 etiam
2217 1436 2480 1509 finalem
2508 1462 2642 1509 coo
2692 1463 2834 1508 era-

395 1542 596 1613 tionis
616 1533 964 1637 ,ejusmodi
984 1531 1522 1608 intermiffionem
1548 1538 1881 1638 pertinere
1914 1531 2303 1611 arbitramur
2324 1590 2349 1627 ,
2390 1563 2628 1639 quema
2679 1563 2832 1612 mo-

390 1636 557 1711 dum
578 1661 769 1710 antea
789 1629 1220 1737 exposuimus.
2810 1638 2815 1647 ’

395 1814 402 1821 ,
501 1764 610 1832 13.
662 1736 955 1812 Proinde
988 1740 1151 1808 certi
1177 1735 1376 1810 fimus
1401 1788 1423 1823 ,
1449 1738 1755 1810 minimum
1776 1735 2029 1834 inadsub
2047 1755 2151 1831 quo
2169 1751 2295 1814 vita
2309 1737 2723 1838 arqueeffimria
2742 1758 2833 1810 ro-

384 1842 499 1925 tius
516 1834 755 1911 bominis
756 1840 930 1936 salva
936 1832 1113 1932 potest
1126 1837 1403 1935 confistere
1425 1881 1450 1915 ‚
1484 1841 1683 1909 etiam
1703 1841 1781 1910 'in
1816 1844 1890 1911 iis
1909 1839 2217 1941 reperiri,
2254 1863 2538 1939 quorum
2571 1844 2831 1915 animus

389 1937 609 2015 ecstafi
649 1940 754 2012 vel
784 1937 914 2013 alta
953 1939 1526 2038 contemplatione
1557 1938 1896 2012 distraetus
1926 1938 2107 2013 velut
2140 1964 2317 2012 extra
2355 1962 2600 2039 corpus
2636 1946 2836 2046 poni-

386 2064 526 2116 tur:
563 2047 863 2141 quamvis
887 2042 961 2110 in
985 2043 1464 2136 conjunCtione
1491 2044 1732 2113 mentis
1753 2064 1905 2112 cum
1931 2060 2220 2141 corpore
2238 2036 2666 2112 describenda
2690 2065 2831 2112 non

379 2136 548 2218 illud
583 2145 942 2213 minimum
959 2138 1066 2212 vel
1083 2144 1692 2231 parvitatisintemum
1707 2143 2051 2226 terminum,
2092 2142 2188 2213 uti
2209 2157 2455 2215 vocant
2471 2138 2828 2214 Scholasti-

379 2250 481 2334 ςί,
513 2240 630 2312 {ed
648 2241 873 2339 potius
905 2242 1261 2308 maximum
1287 2237 1577 2336 aliquid,
1601 2239 1672 2310 id
1690 2239 1783 2310 e‘st
1801 2292 1822 2324 ,
1850 2239 2375 2314 florentissimum
2395 2240 2829 2339 conjunfflo-

378 2346 481 2415 nis
531 2340 707 2412 illius
755 2338 994 2412 statum
1044 2362 1172 2411 nos
1215 2339 1412 2412 unice
1463 2335 1777 2440 respicere
1823 2336 2267 2415 debuerimus.
2367 2341 2631 2442 Repete
2658 2345 2823 2445 cap.

380 2444 761 2535 xxvn.4.
2223 2522 2226 2526 ,

477 2565 592 2632 14.
644 2536 1041 2612 Commode
1069 2535 1230 2609 mihi
1268 2534 1380 2610 hic
1413 2534 1644 2612 incidit
1664 2535 1853 2637 quod
1884 2537 1923 2611 ai
1946 2537 2245 2616 Medicis
2270 2536 2477 2624 diditi
2497 2585 2522 2619 ‚
2547 2563 2811 2642 perma-

368 2665 574 2744 gnam
589 2636 721 2712 effe
742 2634 1022 2713 sanitatis
1037 2637 1454 2732 latitudinem
1475 2693 1498 2725 ‚
1530 2661 1604 2711 ut
1626 2638 1753 2709 alia
1766 2638 2039 2739 quidem
2066 2666 2110 2710 o
2159 2643 2323 2713 tima
2342 2673 2368 2726 ·,
2399 2642 2521 2712 alia
2545 2641 2812 2714 medio-

368 2748 495 2816 cris
518 2795 544 2828 ‚
563 2738 688 2813 alia
715 2738 1032 2812 inclinans
1059 2738 1166 2834 vel·
1183 2737 1431 2812 morbo
1450 2743 1662 2815 vicina
1680 2738 1986 2838 adeoque
2006 2666 2314 2844 ambigua
2334 2740 2431 2814 fit.
2469 2743 2553 2814 Et
2564 2751 2805 2842 quam-

364 2846 467 2922 vis
490 2837 699 2944 scopo
728 2837 844 2912 suo
867 2844 1338 2912 convenienter
1354 2845 1526 2913 inter
1550 2837 1889 2912 sanitatem
1913 2847 1983 2913 &
2004 2840 2316 2915 morbum
2337 2843 2572 2915 statum
2595 2869 2806 2944 quen-

363 2942 522 3018 dam
539 2965 843 3016 neutrum
860 2963 1120 3044 ponant
1138 2994 1161 3027 ,
1192 2940 1468 3015 alterum
1491 2939 1860 3014 incidentiae
1881 2946 1947 3014 in
1965 2940 2280 3016 morbum
2298 2990 2319 3024 ‚
2338 2941 2611 3016 alterum
2631 2970 2800 3016 con-

361 3042 762 3120 valescentiae
794 3067 871 3114 ex
909 3039 1194 3129 morb03
1231 3066 1583 3144 utrumque
1622 3064 1845 3116 tamen
1872 3066 2148 3145 propter
2178 3045 2364 3117 istam
2392 3069 2593 3145 quam
2628 3042 2793 3117 dixi·

363 3167 510 3238 mus
534 3140 952 3219 latitudinem
971 3141 1057 3217 ad
1078 3142 1410 3218 sanitatem
1427 3140 1741 3217 referunt.

468 3271 583 3341 154
631 3242 856 3321 Simile
888 3268 1012 3319 nos
1045 3245 1128 3316 de
1166 3249 1297 3318 vita
1332 3243 1621 3320 hominis
1660 3243 1983 3343 judicium
2015 3241 2333 3319 faciamus
2355 3293 2379 3330 ‚
2416 3242 2784 3347 cogitando

359 3348 555 3421 aliam
588 3342 866 3447 quidem
894 3351 1140 3446 magis,
1173 3344 1366 3417 aliam
1391 3343 1515 3422 effe
1537 3344 1757 3420 minus
1777 3345 2061 3421 vividam
2089 3401 2111 3435 ,
2145 3346 2334 3418 aliam
2352 3352 2782 3418 inclinantem

356 3456 431 3525 &
468 3454 673 3522 morti
711 3443 867 3546 saepe
904 3468 1041 3518 tam
1076 3449 1393 3527 vicinam,
1431 3453 1533 3521 vix
1569 3470 1644 3520 ut
1672 3445 1757 3519 ab
1790 3473 1866 3519 ea
1888 3444 2391 3548 discernipoffit.
2450 3441 2782 3518 Morbum

345 3555 584 3649 utique
636 3573 789 3622 cum
839 3571 1058 3621 morte
1089 3594 1113 3632 ,
1168 3571 1242 3622 ut
1296 3555 1529 3622 mortis
1565 3548 2012 3652 prodromum
2051 3602 2073 3636 ,
2122 3571 2260 3619 non
2297 3545 2518 3646 inepte
2545 3538 2781 3619 confe-

345 3675 579 3724 rimus.
651 3717 658 3722 .

355 3837 363 3851 ‚
460 3763 572 3827 16.
597 3745 733 3834 Ne
784 3775 870 3824 ue
949 3746 1183 3824 roinde
1218 3753 1548 3852 patiamur
1586 3777 1712 3825 nos
1740 3746 2059 3845 ejusmodi
2099 3743 2416 3847 deinceps
2440 3744 2774 3820 contradi-

345 3851 687 3932 ..fflonibus
726 3776 813 3925 3,
847 3848 894 3922 il
921 3877 959 3925 a
986 3857 1281 3953 corporis
1314 3857 1643 3953 animique
1680 3854 2192 3947 conjunffione‚
2232 3874 2433 3950 quam
2463 3847 2776 3952 explicui·

351 3972 542 4052 snus,
579 3947 1022 4058 intelligibili,
1061 3950 1243 4027 sacili
1281 3953 1509 4045 ‚verim
1549 3947 1826 4130 pulhtha
1848 3946 2262 4056 agnoscenda
2291 3946 2661 4116 dimoveris·
2697 3963 2774 4016 ut

1740 4080 1810 4133 m
1830 4079 1900 4130 m
1954 4079 1994 4130 2
2575 4068 2616 4116 a
2643 4065 2776 4116 lam
