3391 4418
1051 121 1743 210 Couroius
1819 122 1976 204 1311·
2042 92 2502 183 Aurum

659 277 736 340 4.
785 236 1034 317 Verum
1055 237 1191 305 haec
1219 246 1450 329 praeter
1480 217 1630 291 alias
1647 210 2121 289 differentiaest
2136 207 2282 297 ,hic
2302 207 2342 283 a
2360 205 2564 281 divini
2579 201 2995 306 perfeffione

559 348 823 450 imperii
856 334 1159 413 recessim
1205 322 1392 427 quod
1427 324 1613 394 Deus
1637 310 1817 391 eausa
1849 310 1924 386 fit
1959 310 2177 385 omnis
2214 331 2450 382 motus
2476 307 2628 383 vere
2664 304 2994 402 efficiens,

562 466 917 556 procreans
937 446 1000 512 δι
1033 426 1417 508 conservans
1441 476 1463 509 ,
1503 419 1628 491 Ph.
1661 429 1822 511 146.
1842 413 1985 515 sqq.

609 594 613 605 -
671 576 706 646 5
723 603 742 622 .
792 547 996 619 Mens
1014 556 1233 609 autem
1264 525 1547 598 humana
1565 542 1874 591 motuum
1905 523 1973 586 in
1995 516 2294 585 Homine
2313 534 2795 612 corporeorum
2815 512 2996 586 eausa

562 643 890 748 ejusmodi
919 637 1138 737 Plyssca
1164 649 1308 700 non·
1337 624 1461 712 est,
1497 615 1610 693 sed
1629 621 1860 690 Mutatio
1890 615 2183 698 tantum,
2217 634 2538 707 quatenus
2578 610 2848 687 illorum
2886 618 2999 689 ali-

619 773 740 824 uos
777 744 1089 816 duntaxat
1121 727 1440 834 gubernat
1478 746 1552 792 ac
1575 723 1777 821 tegit,
1814 712 2099 813 facitque
2121 735 2194 784 ut
2211 712 2334 783 illis
2354 708 2655 786 motibus
2678 768 2700 802 ,
2730 704 2997 817 qui'jam

564 781 708 925 ant
725 853 793 917 in
813 861 1093 938 corpore
1111 886 1133 920 ,
1160 825 1372 902 modo
1388 824 1546 901 hoc,
1573 818 1787 893 modo
1803 814 1969 890 illud
1989 810 2367 886 membrum
2387 818 2699 916 agitetur.-
2779 801 2786 807 ’

571 1000 579 1013 ,
675 949 746 1021 6.
795 936 1096 1016 Similem
1125 926 1336 1032 prope
1361 931 1426 996 in
1458 920 1739 994 modum
1775 921 1995 1018 auriga
2017 914 2460 1012 cuttuijungit
2479 939 2724 1012 equum
2741 969 2773 1002 ,‚
2797 942 3003 1016 quem

519 1080 526 1087 1
569 1045 660 1121 ad
681 1065 944 1118 motum
964 1034 1240 1129 stimulat
1258 1074 1280 1110 ,
1310 1025 1437 1096 huc
1461 1021 1616 1095 illuc
1635 1020 1849 1092 flectit
1870 1068 1889 1095 ‚
1930 1039 2129 1113 atque
2151 1018 2243 1085 ita
2268 1019 2431 1113 regit
2452 1037 2716 1089 motum
2734 1002 2961 1090 currus
2983 1071 3006 1105 ,

568 1172 782 1249 quem
796 1163 1004 1241 equus
1025 1132 1173 1209 vere
1199 1123 1513 1231 producit
1531 1147 1602 1196 ut
1619 1116 1801 1193 causa
1820 1112 2114 1214 Physica.
2167 1118 2494 1213 Qamvis
2518 1111 2645 1187 alia
2674 1114 2786 1190 hi'e
2814 1117 3013 1191 mini-

568 1247 689 1323 me
708 1242 831 1318 fint
844 1242 1025 1343 paria
1043 1288 1065 1321 ,
1102 1255 1173 1306 ut
1189 1229 1417 1333 postea
1441 1222 1669 1295 clarius
1693 1214 1976 1319 patebit.
2648 1272 2651 1273 γ

679 1370 749 1443 7.
807 1348 875 1417 Si
897 1341 1131 1411 statuas
1153 1352 1404 1403 novum
1425 1329 1492 1396 in
1515 1347 1796 1424 corpote
1822 1339 2084 1390 motum
2107 1312 2190 1387 ab
2213 1318 2430 1387 anima
2454 1308 2673 1416 reapse
2694 1314 3014 1418 produci,

578 1439 933 1523 adversaris
964 1437 1294 1540 principiis
1330 1422 1649 1520 Phyfieis‚
1684 1445 1832 1521 quae
1859 1424 1925 1521 in
1960 1441 2111 1490 toto
2134 1410 2501 1498 universo,
2546 1419 3011 1519 cujusportio-

578 1572 696 1624 nes
729 1542 869 1621 sunt
901 1539 1187 1613 bumana
1209 1551 1492 1628 corpora
1511 1578 1535 1614 ‚
1570 1523 1856 1596 eandem
1886 1515 2551 1621 perpetuomotuum
2580 1521 3011 1616 quantitatem
3054 1544 3057 1545 f

574 1646 839 1723 existere
874 1639 1138 1715 tradunt
1156 1688 1177 1722 ,
1207 1631 1327 1706 Ph.
1355 1652 1511 1726 147.
1531 1621 1668 1722 sqq.
1699 1629 1860 1695 168.

686 1745 758 1822 8.
773 1744 886 1817 Ne
939 1767 1018 1815 ue
1028 1737 1079 1832 ‚a
1101 1741 1164 1812 vi
1188 1742 1261 1808 &
1285 1725 1572 1802 efficacia
1595 1726 1825 1794 nostrae
1845 1719 2201 1795 voluntatis
2218 1713 2506 1818 pendere
2527 1711 2735 1818 ipsum
2758 1736 3019 1789 motum

578 1845 742 1922 inde
762 1769 1033 1921 conaat,
1050 1833 1231 1935 quod
1250 1825 1551 1902 membra
1575 1819 1929 1923 defatigata
1947 1829 2017 1894 δε
2037 1816 2359 1920 spiritibus
2374 1815 2696 1902 exhausta,
2713 1814 2839 1887 Ph.
2859 1826 3026 1891 208.

580 1946 693 2023 vel
753 1937 1098 2016 arthritide
1133 1930 1498 2004 laborantia
1539 1949 1679 1996 non
1719 1919 2185 2021 obsequantur.
2255 1917 2426 1994 Vid'e
2470 1925 2541 1991 &
2579 1914 2844 1990 Theor..
2867 1922 3026 1992 viv,

584 2068 740 2148 cap„
764 2045 953 2115 XXI.
972 2033 1087 2109 ubi
1106 2054 1370 2103 motum
1396 2048 1669 2099 omnem
1699 2023 1738 2094 a
1759 2023 1975 2095 calore
2001 2019 2458 2091 derivavimus.
2848 2034 2857 2039 “

689 2168 764 2232 9.
808 2137 920 2215 Ad
950 2134 1265 2238 posterius
1284 2125 1562 2200 dubium
1593 2121 1782 2224 quod
1803 2125 2066 2199 attinet,
2084 2124 2398 2220 quoniam
2423 2108 2686 2185 effectus
2699 2106 2894 2184 causi
2907 2106 3038 2185 sua.

584 2240 884 2319 nobilior
913 2235 1035 2310 effi:
1065 2232 1332 2330 nequit,
1375 2250 1677 2328 apertum
1710 2225 1840 2312 est,
1883 2221 2117 2304 ideam,
2135 2221 2328 2324 plane
2350 2214 2736 2319 spiritualem
2755 2211 3033 2312 ,cujuss

590 2340 796 2419 modi
828 2347 898 2412 in
929 2356 1149 2411 mente
1176 2330 1337 2402 inest
1355 2384 1377 2417 ,
1412 2333 1671 2439 quoties
1691 2326 1881 2398 sentit
1895 2324 1996 2397 vel
2010 2325 2290 2424 percipit
2308 2314 2554 2418 aliquid
2578 2370 2600 2405 ,
2629 2341 2769 2389 non
2788 2309 2970 2440 posse
2992 2315 3035 2385 ὲ

589 2468 930 2546 corporeo
957 2458 1145 2512 motu
1175 2430 1529 2533 proficisci.
1579 2424 1703 2498 Ph.
1721 2451 1901 2521 404.
2596 2457 2603 2464 .

587 2541 593 2548 ⁴
686 2570 801 2620 10.
853 2548 1286 2645 Qpropter
1322 2531 1619 2631 eorporis
1655 2526 1856 2604 nostri
1898 2546 2123 2597 motus
2152 2513 2625 2594 tantummodo
2653 2510 2796 2610 sunt
2824 2507 3028 2586 cause

574 2648 985 2746 procatarfficae
1011 2695 1034 2727 ,
1070 2661 1214 2735 quae
1249 2636 1456 2704 menti
1491 2651 1805 2724 tanquam
1828 2621 2029 2719 eausae
2056 2625 2357 2718 principali
2380 2615 2976 2692 occasionemdant
2997 2658 3025 2692 ,

587 2747 707 2818 has
739 2739 951 2815 illasve
989 2739 1167 2812 ideas
1188 2787 1209 2821 ,
1239 2759 1412 2831 quas
1445 2734 1683 2803 virtute
1714 2726 1990 2826 quidem
2020 2722 2272 2824 semper
2300 2726 2370 2792 in
2391 2716 2709 2793 sehabet,
2746 2715 2879 2787 hoc
2893 2738 3032 2811 po-

591 2848 721 2918 tius
749 2865 1051 2943 tempore
1087 2838 1287 2935 quam
1311 2833 1445 2904 alio
1464 2855 1540 2899 ex
1562 2825 1621 2897 se
1648 2825 1957 2900 eliciendi
1976 2851 2052 2899 ac
2070 2830 2205 2909 vim
2227 2818 2567 2923 cogitandi
2585 2823 2654 2889 in
2670 2820 2883 2889 aetum
2901 2813 3034 2886 de-

593 2940 913 3020 ducendi.
959 2945 1220 3036 Repete
1260 2932 1465 3005 finem
1505 2953 1648 3094 cag.
1672 2932 1782 2999 XI
1798 2933 1826 3002 1
1844 2931 1898 3000 1.

699 3070 731 3118 1
745 3069 807 3117 1.
832 3045 995 3115 Satis
1014 3057 1234 3111 tamen
1248 3050 1553 3131 potentes
1618 3050 1684 3096 as
1708 3025 1922 3100 causas
1939 3033 2003 3100 in
2025 3030 2252 3098 animo
2270 3022 2494 3096 nostro
2514 3017 2638 3094 effe
2654 3016 2756 3091 vel
2775 3041 2850 3088 ex
2871 3011 3021 3088 solo

595 3141 856 3214 doloris
873 3136 1060 3226 ,sensu
1085 3133 1318 3204 claret:
1353 3125 1929 3229 quemadmodum
1967 3135 2037 3201 δε
2058 3127 2094 3200 ὲ
2117 3129 2457 3200 contrario
2480 3126 2660 3195 visin
2707 3145 2818 3192 ens
2835 3143 3027 3188 men-

596 3246 683 3315 tis
713 3239 1094 3339 imperantis
1112 3238 1181 3302 in
1201 3256 1483 3402 corpore
1509 3225 1731 3301 multis
1752 3227 2247 3302 celei-rimorum
2270 3148 3026 3302 vehementiffimomm.

589 3368 729 3445 que
749 3359 1058 3415 motuum
1078 3358 1309 3434 exemp
1343 3337 1388 3403 ’s
1404 3326 1695 3432 patescit.

701 3466 815 3517 m..
868 3443 1095 3538 Itaque
1127 3437 1295 3508 inter
1328 3428 1715 3503 admiranda
1748 3425 2011 3529 hujusce
2053 3426 2545 3528 conjuntstionis
2568 3418 2704 3493 hoe
2724 3433 3023 3523 quartum

594 3566 1017 3617 numeramus
1033 3589 1055 3627 ‚
1075 3532 1266 3636 quod
1281 3533 1499 3606 animus
1514 3532 1777 3602 immotus
1795 3551 1981 3624 corpus
1998 3550 2203 3610 movet,
2220 3529 2294 3608 (ς’
2308 3545 2494 3619 corpu
2511 3545 2622 3594 non
2635 3532 2883 3620 cogitans
2894 3541 3031 3593 am-

589 3645 1011 3811 anunglurima
1022 3636 1270 3759 fugitare
1273 3631 1460 3730 facit.
1515 3630 1701 3710 Nam
1713 3630 1844 3708 hae
1866 3626 1996 3733 ipsa
2014 3636 2084 3704 in
2099 3631 2487 3734 reem-poris
2503 3625 2843 3713 animique
2864 3643 3038 3693 eon-

592 3761 711 3843 Jun
781 3761 856 3813 10
876 3760 1174 3817 Vemtute
2084 3771 2089 3776 ·
2976 3773 2979 3776 Α

553 137 709 256 378

2796 3929 2939 4005 CA
2963 3951 3049 4038 εἰ,
