3391 4418
691 228 694 231 .
927 140 2180 249 ‘consortem-ro.
2616 174 2821 263 ²439

391 262 699 360 titfaffione
710 260 995 358 cogitandi
997 259 1062 355 se
1079 254 1307 349 defungi
1308 256 1412 352 suo
1426 252 1609 352 officio
1621 259 1758 328 dum
1769 256 2094 352 afflidorum
2104 257 2239 354 casia
2250 253 2527 356 afficitur.
2590 300 2595 305 ·

488 392 561 453 7.
609 368 928 457 Martyres
955 355 1330 430 naturaliter
1346 353 1707 429 abhorrent
1724 357 1763 431 it
1785 383 1998 431 morte
2023 411 2045 445 ,
2067 367 2138 432 &
2159 382 2376 430 tamen
2396 358 2629 461 sponte
2652 390 2801 437 eam

393 460 706 549 subeunt,
742 462 878 562 quo
918 455 1088 531 refer
1114 454 1489 555 exemplum
1509 461 1575 530 S.
1606 458 1815 545 Petri,
1856 458 1942 531 de
1963 486 2101 558 quo
2126 458 2424 532 Christus
2437 460 2596 556 Joh.
2616 471 2804 538 XXI.

398 590 427 636 1
444 571 480 637 8
492 617 508 636 .
525 562 652 635 ciem
654 562 901 659 senueris
914 614 934 643 ‚
965 560 1224 632 extendes
1246 581 1444 628 mames
1464 575 1588 626 tuas
1603 606 1627 642 ,
1657 558 1732 635 ό*
1748 562 1890 629 alius
1905 579 1959 632 te
1974 566 2153 653 cinget
2166 605 2191 637 ‚
2208 560 2281 638 ά
2301 562 2465 631 ducet
2481 558 2588 655 qu)
2605 584 2669 633 tu
2688 589 2797 635 nan

381 667 489 737 vis.
529 670 625 734 *In
656 660 751 734 his
788 657 1042 757 aliisque
1078 657 1148 729 id
1167 683 1373 758 genus
1393 658 1701 758 exemplis
1723 666 2043 759 appetitus
2060 659 2398 731 rationalis
2416 713 2437 746 ,
2472 659 2541 732 id
2562 663 2651 733 est
2670 690 2788 736 vo-

376 761 587 836 luntas
609 808 629 843 ‚
666 768 1023 834 contrarius
1057 760 1146 829 est
1183 759 1499 857 appetitui
1526 751 1829 830 senfitivo·
1850 812 1872 847 ,
1906 767 2017 860 qui
2049 787 2124 833 ex
2161 766 2359 832 animi
2397 768 2469 832 δε
2490 770 2788 863 corporis

375 861 627 937 acl-ibus
656 863 1033 939 estmixtus.
1087 858 1263 931 Vide
1280 855 1532 930 Theor.
1568 865 1879 961 Viv.cap.
1901 866 2085 932 XLI.
2121 858 2330 935 ubi&
2355 860 2476 932 alia
2491 864 2785 966 exempla

372 961 502 1035 huc
521 961 872 1064 specil-antia
886 960 1060 1058 leges
1085 960 1148 1035 §-
1170 982 1208 1046 9
1224 962 1335 1030 80.
1352 955 1491 1056 sqq.

469 1066 537 1138 8.
591 1069 688 1132 Ita
723 1057 1114 1159 refragtante
1150 1056 1420 1130 naturali
1454 1083 1715 1131 carnem
1736 1055 1905 1134 suam
1930 1057 2202 1132 fovendi
2225 1058 2547 1134 desiderio
2578 1067 2605 1151 (
2631 1062 2780 1137 vide

367 1190 513 1264 cap.
539 1163 738 1231 XL11.
777 1185 884 1254 17.
913 1168 938 1252 )
993 1157 1292 1229 lubenter
1322 1212 1344 1242 ,
1395 1157 1624 1254 quoad
1669 1162 2049 1234 interiorem
2085 1166 2285 1230 animi
2327 1159 2736 1233 voluntatem
2754 1216 2780 1250 ‚

365 1268 516 1359 quis
549 1262 795 1360 patitur
830 1257 948 1329 fibi
985 1254 1271 1329 abscindi
1308 1255 1644 1329 brachium
1669 1315 1690 1346 ‚
1728 1286 1808 1331 ne
1826 1285 2040 1330 torum
2068 1268 2781 1359 corpusgangraenain-

363 1360 583 1434 vadat.
633 1353 1022 1450 Cujufinodi
1058 1364 1236 1432 astus
1267 1356 1662 1431 voluntarius
1688 1360 1910 1459 potius
1936 1358 2134 1458 quim
2153 1365 2390 1431 invitus
2408 1359 2663 1430 dicetur
2679 1367 2736 1431 ei
2754 1412 2778 1446 ,

358 1464 481 1559 qui
504 1458 821 1532 voluntati
840 1462 1022 1532 resto
1041 1467 1111 1531 &
1125 1460 1456 1530 constante
1480 1463 1676 1527 animi
1693 1457 1944 1553 Judicio
1965 1464 2118 1530 nixae
2138 1466 2373 1559 primas
2390 1463 2459 1530 in
2478 1464 2777 1531 Homine

407 1584 572 1632 artes
604 1582 669 1628 at
721 1586 799 1630 ue
831 1564 902 1630 in
922 1555 1205 1657 reliquos
1227 1562 1405 1630 adius
1423 1556 1794 1629 dominium
1816 1583 2190 1659 competere
2216 1565 2490 1631 noverit.
2517 1563 2607 1630 Ex
2629 1564 2778 1657 qui-

354 1588 479 1733 bus
509 1586 815 1731 omnibus
839 1685 914 1730 ea
931 1714 947 1744 ‚
983 1686 1128 1757 quae
1150 1654 1534 1758 Philosophi
1552 1658 1828 1729 morales
1848 1656 1930 1729 de
1949 1662 2275 1757 principiis
2293 1661 2631 1729 achonum
2656 1663 2776 1731 hu-

360 1785 701 1832 manarum
719 1812 741 1846 ,
773 1756 1134 1859 spontaneo
1157 1783 1351 1858 atque
1371 1762 1605 1838 invito,
1627 1766 1694 1831 ὅ(
1718 1755 2044 1861 speciatim
2062 1757 2144 1828 de
2168 1764 2381 1828 mixtis
2401 1755 2771 1835 actionibus

365 1859 671 1933 differunt
688 1910 710 1945 ‚
746 1856 908 1931 haut
927 1883 1157 1957 parum
1176 1858 1587 1945 illustrantur.

450 1988 520 2053 9.
574 1964 751 2033 Rem
777 1982 987 2031 totam
1010 1985 1086 2031 ex
1101 1959 1393 2031 instituto
1414 1957 1715 2031 tractavit
1735 1955 2056 2030 Cartefius
2073 1959 2351 2031 Paffion.
2372 1959 2431 2033 §.
2449 1982 2566 2052 47.
2587 1954 2763 2029 unde

351 2059 650 2161 quaedam
684 2055 1032 2131 necess‘ario
1067 2055 1207 2132 sunt
1232 2055 1658 2159 excerpenda.
1725 2068 1849 2126 Nec
1864 2060 1923 2126 in
1939 2061 2052 2126 alio
2071 2102 2092 2135 ,
2127 2062 2338 2157 inquit
2360 2101 2379 2130 2
2407 2054 2579 2146 quim
2598 2058 2657 2125 in
2672 2080 2766 2124 re·-

333 2163 656 2258 pugnantia
672 2215 693 2246 ‚
712 2183 825 2251 qua
853 2156 929 2254 est
954 2162 1102 2232 inter
1121 2179 1295 2231 manu
1309 2182 1440 2252 quos
1453 2179 1635 2253 corpus
1646 2175 1745 2249 per
1747 2154 1873 2251 suos
1871 2159 2101 2252 spiritus
2122 2209 2141 2245 ,
2174 2165 2249 2241 ὠ·
2276 2158 2473 2227 anima
2482 2153 2767 2250 persicam

344 2266 691 2336 voluntatem
704 2262 906 2350 ,fimul
921 2261 1172 2327 excitare
1191 2261 1472 2330 annititur
1487 2261 1546 2326 in
1555 2259 1797 2349 glande,
1816 2253 2097 2352 confilium
2114 2279 2295 2329 omnes
2311 2256 2608 2350 conflicius,
2633 2278 2768 2348 quos

341 2362 505 2453 vulgo
519 2361 906 2448 imaginamur
914 2356 1063 2425 inter
1073 2375 1297 2449 partem
1308 2355 1631 2447 inferiorem
1647 2358 1844 2424 anima
1865 2407 1886 2440 ,
1907 2379 2014 2446 qua
2016 2357 2281 2453 sensitiva
2296 2361 2621 2425 nominatur
2638 2405 2661 2441 ‚
2684 2356 2758 2431 (θ’

326 2455 822 2552 superioremque
837 2456 1131 2524 rationalis
1145 2452 1245 2549 esi,
1261 2474 1361 2524 aut
1380 2456 1527 2525 inter
1542 2456 1814 2549 appetitus
1828 2458 2116 2526 naturales
2130 2459 2201 2534 ῥ’
2223 2457 2600 2540 voluntatem,
2622 2461 2760 2525 &c-

340 2560 449 2629 sic
479 2553 658 2627 lucta
687 2551 1060 2625 observatur
1087 2559 1236 2624 inter
1253 2556 1560 2637 conatum,
1587 2573 1686 2645 per
1704 2576 1867 2645 quem
1877 2557 2104 2649 spirituo
2138 2557 2423 2647 impellunt
2440 2555 2713 2645 glandem
2732 2603 2753 2637 ,

339 2680 484 2754 quae
499 2653 588 2724 est
606 2657 673 2722 in
694 2652 918 2726 medio
937 2651 1186 2725 cerebri
1204 2704 1227 2738 ,
1257 2654 1337 2722 ad
1349 2654 1723 2722 inducendum
1740 2657 1930 2722 anima
1945 2656 2313 2746 cupiditatem
2324 2647 2616 2746 cujusdam
2629 2654 2753 2735 rei,

337 2757 412 2833 ά·
443 2755 601 2826 illum
623 2772 726 2847 per
751 2777 916 2846 quem
947 2756 1143 2824 anima
1159 2775 1290 2823 eam
1325 2753 1577 2845 repellit,
1610 2754 1901 2821 voluntate
1928 2775 2042 2844 qua
2079 2757 2199 2824 vult
2231 2751 2468 2821 eandem
2505 2772 2627 2821 rem
2641 2747 2753 2842 fu-

326 2878 468 2949 gere
481 2907 504 2942 ,
525 2863 661 2927 διε.
692 2852 871 2950 Potest
890 2855 1070 2924 adhuc
1090 2854 1320 2945 quidam
1335 2849 1605 2944 confliffus
1618 2853 1823 2943 concipi
1837 2853 1896 2920 in
1908 2873 1971 2921 eo
1987 2904 2008 2937 ,
2028 2854 2172 2943 quod
2184 2851 2318 2947 sape
2332 2851 2529 2920 eadem
2542 2849 2712 2945 ιαμβι
2727 2901 2750 2935 ,

333 2978 446 3049 qua
474 2959 688 3028 excitat
718 2955 779 3024 in
807 2950 1574 3047 animaaliquampaffionem
1598 3003 1619 3034 ,
1653 2964 1863 3023 excitet
1878 2953 2057 3021 etiam
2070 2951 2336 3048 quosdam
2352 2969 2531 3019 mom
2547 2952 2609 3017 in
2625 2971 2753 3018 cor-

326 3072 490 3147 pore,
522 3055 598 3123 ad
632 3078 764 3146 quos
787 3056 986 3124 anima
1011 3053 1151 3123 nihil
1172 3047 1377 3143 confert
1393 3101 1417 3136 ,
1454 3049 1526 3127 ό·
1559 3071 1690 3140 quos
1707 3048 1851 3145 sistit
1883 3070 1987 3118 aut
1999 3048 2183 3144 sistere
2195 3068 2426 3120 conatur
2440 3070 2613 3139 quam
2623 3051 2748 3139 pri-

329 3175 488 3222 mum
516 3177 604 3223 eos
627 3153 895 3250 observat.
954 3167 1006 3227 V
1002 3171 1026 3221 t
1050 3147 1392 3245 experientia*
1415 3144 1621 3241 constat
1638 3198 1662 3233 ,
1691 3147 1818 3219 uim
1841 3151 1902 3218 id
1915 3153 2059 3238 quod
2071 3153 2283 3220 excitat
2298 3164 2543 3229 metum,
2577 3146 2749 3244 efficit

328 3273 541 3343 quoque
569 3250 864 3347 uispiritus
881 3252 1271 3346 ingrediantur
1289 3247 1678 3345 musculos,qu
1689 3248 1998 3344 inserviunt
2016 3249 2286 3322 movendis
2301 3244 2546 3319 cruribus
2559 3247 2635 3316 ad
2635 3241 2747 3338 fu-

315 3351 586 3447 giendum
606 3397 630 3427 ι
665 3351 738 3428 &⁹
765 3373 828 3423 ut
846 3357 1100 3426 voluntas
1124 3349 1363 3420 audacia
1386 3347 1693 3417 exercenda
1710 3343 1979 3440 eosfistat.
2418 3355 2421 3358 ’

433 3475 543 3522 10.
565 3452 870 3549 Denique
890 3448 1047 3551 saepe
1069 3445 1369 3523 voluntas
1390 3442 2015 3544 adverssturiis,quae
2039 3442 2177 3516 sunt
2195 3468 2306 3516 aut
2326 3445 2489 3514 fiunt
2509 3445 2577 3513 in
2598 3426 2737 3514 scn-

326 3545 500 3623 fibus
536 3558 804 3623 externis
841 3549 941 3625 vel
972 3555 1267 3622 internis:
1305 3551 1425 3620 Ex·
1492 3573 1540 3616 ι·.
1569 3546 1723 3616 εὺιῑι
1747 3545 1907 3644 quid
1928 3550 2150 3616 animo
2172 3537 2498 3614 recusante
2522 3539 2733 3642 phan-

327 3646 495 3723 tafiae
532 3647 940 3724 obversatur:
983 3652 1132 3723 cum
1168 3647 1333 3750 quid
1357 3573 1587 3717 noffens
1608 3644 1791 3716 audis
1812 3644 1916 3717 'vel
1937 3652 2178 3720 cernis,
2212 3637 2386 3713 unde
2406 3639 2765 3716 Cartefius-

324 3747 520 3823 Med.
540 3745 728 3827 sexta,
738 3752 873 3846 fizpe
891 3753 1063 3821 etiam
1080 3803 1101 3836 ,
1130 3753 1344 3848 inquit
1361 3801 1384 3833 ‚
1403 3769 1494 3816 me
1507 3749 1685 3817 invito
1705 3748 1833 3815 idea
1847 3742 1949 3841 ista
1958 3743 2362 3836 producuntur.-
2385 3766 2523 3838 quo
2546 3770 2735 3844 argu-

328 3874 559 3922 mento
600 3847 887 3937 ibidem,
921 3874 992 3922 ut
1025 3857 1092 3924 δι
1119 3854 1438 3950 Principp.
1467 3851 1526 3918 11
1556 3850 1747 3918 initio
1786 3841 2213 3916 materialium
2233 3864 2448 3912 rerum
2469 3845 2739 3915 existen-

326 3953 417 4023 tia
440 3950 941 4028 demonstratur.

1679 4052 1744 4120 K
1758 4047 1800 4121 k
1819 4045 1868 4120 k
2509 4061 2540 4108 ι
2557 4064 2584 4106 1
2600 4087 2618 4108 .
2636 4038 2734 4109 Ita
