3391 4418
638 155 682 233 8
1250 135 1328 222 ‘P
1448 162 1510 216 Η
1631 164 1684 218 Y
1812 162 1849 216 s
1973 161 2008 216 1
2127 158 2184 212 c
2307 158 2369 213 A

630 284 853 335 autem
869 254 1213 329 admotam
1230 276 1310 323 ac
1328 248 1671 327 direstam,
1695 244 2022 319 defluente
2042 250 2111 318 in
2127 270 2448 346 papyrum
2464 266 2835 320 atramento
2846 298 2868 330 ‚
2889 271 3055 319 cun-

634 369 738 435 &a
752 348 971 432 'isthaec
991 350 1282 456 partibus
1301 347 1423 421 suis
1442 343 1820 448 funguntur.
2679 406 2696 418 ,

740 488 767 530 ι
791 487 815 530 1
835 486 897 530 2.
1030 452 1167 525 uod
1186 474 1404 524 autem
1436 448 1668 518 eadem
1699 451 1766 516 in
1799 443 2020 545 figuris
2039 497 2062 529 ,
2082 441 2401 520 motibus,
2423 451 2558 518 διε.
2581 438 2919 541 dispositio
2935 451 3056 519 uni

635 564 727 631 rei
748 558 1057 657 congruit
1074 561 1139 625 &
1159 548 1340 622 alteri
1360 542 1790 623 disconvenit,

742 683 766 727 1
790 683 815 727 1
837 682 898 747 3.
947 650 1231 728 Evidens
1248 646 1415 721 illud
1431 642 1659 733 efficit,
1671 651 1828 745 unius
1845 644 1926 713 rei
1933 648 2366 737 generationem,
2386 648 2616 717 alterius
2637 643 2731 740 ff
2748 650 3058 741 corruptio-

744 883 769 926 ι
793 880 818 924 1
836 880 902 943 4.
961 851 1303 951 Qoniam
1327 849 1522 917 etiam
1550 850 1615 915 in
1647 846 1928 944 partium
1958 868 2277 928 numere,
2299 839 2749 945 magnitudine
2769 895 2793 930 ,
2822 845 3058 945 figura,

634 952 775 1040 situ,
797 954 1175 1034 motu‚varii
1197 943 1435 1048 gradus
1454 950 1864 1017 inveniuntur
1890 943 1950 1018 §-
1973 969 2013 1029 7
2029 970 2055 1015 1
2070 996 2087 1015 .
2108 938 2284 1041 seqq.
2303 970 2347 1038 9
2363 971 2390 1015 1
2405 998 2422 1017 .

744 1081 769 1124 1
794 1079 817 1125 1
838 1077 902 1144 ς.
954 1056 1150 1150 Qs
1167 1042 1497 1145 progressu
1519 1048 1833 1143 temporis
1853 1066 2083 1112 natura
2103 1042 2207 1112 vel
2226 1067 2323 1115 ars
2340 1041 2633 1143 impense
2656 1039 2943 1115 ordinat.

743 1179 771 1223 1
796 1179 819 1222 1
837 1162 903 1220 6.
956 1152 1136 1222 Cum
1162 1149 1333 1217 nullus
1350 1145 1643 1237 motusfiat
1663 1150 1725 1215 in
1743 1162 2013 1239 momento
2051 1142 2379 1234 (instanti.)

744 1280 771 1322 1
793 1278 816 1321 1
832 1277 901 1337 7.
950 1248 1174 1320 Palam
1197 1245 1306 1326 est,
1327 1267 1620 1316 naturam
1640 1237 1943 1340 cujusque
1959 1246 2051 1312 rei
2071 1266 2404 1341 corporeae
2423 1241 2691 1313 minime
2709 1246 2777 1312 in
2796 1246 3052 1341 Ρωιᾶο
3131 1248 3136 1255 “

637 1350 1004 1426 consistere.
2809 1410 2818 1419 .

739 1479 765 1521 1
790 1478 813 1521 1
833 1458 892 1519 8.
960 1448 1185 1541 (Sicuti
1230 1441 1532 1517 conditio
1568 1440 1842 1515 ess'entiae
1876 1445 1957 1515 in*
1984 1467 2265 1542 corpore
2301 1441 2595 1514 universe
2633 1437 2929 1539 speetato
2959 1447 3048 1519 ita

602 1578 605 1581 ·
636 1550 750 1628 est,
777 1573 851 1621 ut
878 1553 939 1617 ei
971 1574 1092 1618 nec
1112 1543 1267 1616 addi
1291 1570 1414 1616 nec
1447 1542 1624 1616 demi
1644 1547 1998 1641 quicquam
2015 1543 2237 1641 poffit)
2293 1598 2304 1607 .

742 1673 767 1716 ι
792 1673 815 1716 1
832 1671 899 1733 9.
947 1645 1073 1718 Sed
1100 1649 1266 1713 intra
1283 1641 1642 1712 latitudinis
1663 1649 1960 1742 regiones
1980 1644 2300 1713 contineri
2320 1671 2340 1724 3

746 1773 770 1817 1
792 1769 909 1816 20.
960 1744 1201 1839 Neque
1249 1738 1605 1840 corporalis
1646 1747 1737 1834 rei
1771 1745 2258 1840 generationem
2293 1761 2406 1809 aut
2452 1738 2947 1839 corruptionem
2976 1742 3047 1812 in

630 1866 1006 1925 momento,
1026 1838 1134 1913 sed
1159 1844 1367 1913 traeku
1392 1837 1970 1939 temporis'perfici.
2957 1832 2964 1837 ’

740 1973 766 2017 1
786 1970 897 2016 21.
953 1948 1057 2015 Sic
1088 1943 1325 2040 plantae
1355 1949 1427 2013 &
1454 1937 1757 2010 animalia
1787 1942 2158 2011 minutatim
2193 1935 2277 2008 ad
2305 1932 2397 2007 sui
2426 1934 2909 2037 perfefflonem
2941 1963 3049 2011 ex-

635 2046 962 2117 crescunt:
993 2066 1164 2135 aqua
1183 2038 1499 2140 paulatim
1523 2046 1590 2109 in
1612 2064 1886 2139 vapores
1909 2036 2288 2109 diminuitur
2305 2076 2326 2115 5
2358 2044 2558 2108 autin
2581 2035 2860 2139 glaciem
2882 2044 3044 2113 coit.

724 2171 762 2215 21
784 2170 819 2214 2
835 2169 899 2213 2.
951 2146 1033 2214 Et
1053 2144 1346 2238 quamvis
1363 2164 1594 2238 vapor,
1608 2163 1803 2238 aqua,
1824 2138 2084 2241 glacies,
2108 2164 2205 2208 res
2228 2134 2348 2209 fint
2364 2134 2680 2209 distinctae
2699 2142 2758 2218 §.
2785 2163 2819 2232 5
2833 2163 2899 2227 9.

739 2270 767 2313 1
785 2267 904 2335 23.
951 2246 1280 2313 Innumeri
1305 2261 1522 2310 tamen
1558 2244 1623 2309 in
1653 2263 1845 2311 motu
1873 2265 1949 2312 ac
1971 2235 2088 2310 {itu
2120 2236 2572 2338 particularum
2601 2264 2785 2335 aquae
2807 2237 3046 2340 gradus

586 2335 593 2346 ’
630 2346 1048 2414 inveniuntur
1081 2392 1103 2427 ,
1159 2336 1396 2436 quibus
1423 2337 1559 2408 haec
1586 2359 1835 2411 nomen
1862 2348 1930 2410 &
1965 2337 2294 2411 ess'entiam
2323 2364 2505 2436 aqua:
2535 2337 3042 2439 haudquaquam

631 2463 891 2515 amittit.

736 2568 763 2612 1
780 2568 898 2630 24.
951 2544 1072 2610 Fac'
1090 2537 1221 2610 illic
1242 2563 1479 2638 aquam
1496 2534 1668 2610 adeo
1691 2536 1921 2648 frigere
1938 2591 1960 2623 ,
1988 2558 2063 2609 ut
2132 2538 2236 2611 elu
2255 2539 2453 2637 quam
2482 2537 2779 2636 proximi:
2800 2537 2885 2609 ad
2904 2538 3043 2639 gla-

631 2645 803 2722 ciem
832 2638 1138 2726 accedat;
1172 2638 1278 2711 hic
1298 2640 1451 2711 vero
1477 2643 1566 2711 ita
1587 2635 2007 2712 fervetastam
2028 2567 2149 2711 effic
2167 2685 2192 2717 ‚
2224 2663 2295 2711 ut
2319 2643 2386 2709 in
2421 2665 2499 2710 va
2548 2663 2694 2718 ores
2714 2648 2848 2735 jam
2867 2661 3040 2710 nunc

628 2739 953 2827 discedat3
985 2737 1155 2812 adde
1188 2762 1405 2813 totum
1439 2738 1720 2836 denique
1745 2739 1976 2811 siarum
1998 2766 2178 2837 aquae
2195 2663 2682 2812 intermedium.
2733 2743 3039 2813 Etvarie-

629 2866 724 2913 tas
742 2894 764 2927 ,
794 2866 938 2936 quae
959 2846 1026 2909 in
1048 2865 1214 2940 aqua
1233 2840 1424 2917 inest,
1458 2836 1795 2911 clariffime
1823 2837 1941 2911 tibi
1971 2836 2433 2912 obversabitur.

740 2965 765 3008 1
787 2964 902 3031 25.
955 2943 1051 3009 Ita
1071 2935 1435 3036 primordia
1465 2937 1656 3009 cerafi
1676 2936 1776 3011 vel
1799 2965 2004 3039 poma
2024 2933 2385 3036 putrefa&a
2402 2963 2701 3010 naturam
2725 2935 2915 3024 eerafi
2938 2935 3040 3009 vel

624 3040 812 3140 pomi
840 3032 1174 3133 cujusdam
1200 3041 1384 3108 omni
1407 3059 1588 3135 parte
1618 3063 1758 3107 non
1778 3060 2034 3136 aequant
2058 3068 2075 3109 t
2105 3036 2175 3107 id
2197 3038 2313 3112 est,
2330 3063 2466 3110 non
2489 3041 2671 3136 aequd
2703 3035 2910 3131 cerasa
2932 3036 3036 3110 vel

624 3162 832 3237 poma
861 3133 1004 3208 sunt
1038 3163 1112 3207 ac
1138 3160 1388 3208 matura
1415 3145 1484 3208 &
1517 3142 1786 3237 integra.
2751 3217 2760 3224 ,

730 3263 755 3307 1
776 3250 889 3307 26.
939 3236 1278 3309 Postremo
1308 3260 1388 3307 res
1415 3241 1608 3328 aliqua
1625 3235 1895 3331 destruda
1931 3259 2040 3308 non
2053 3238 2255 3333 simper
2277 3235 2546 3308 dividitur
2567 3241 2628 3307 in
2643 3258 2831 3340 partes
2851 3292 2873 3324 ,
2922 3260 3035 3329 qua

625 3336 1002 3429 magnitudine
1016 3387 1039 3419 ,
1057 3337 1244 3428 figura
1270 3340 1390 3413 (φτ.
1409 3336 1724 3430 respondent
1745 3341 1809 3408 iis
1828 3389 1848 3419 ‚
1881 3338 2025 3406 ande
2039 3357 2203 3407 antea
2216 3355 2479 3429 generata
2484 3337 2626 3430 suit.
2681 3335 3034 3412 Resolutio

620 3440 795 3507 enim
830 3441 902 3505 δε
936 3430 1338 3534 compofitio
1380 3460 1517 3507 uno
1550 3459 1780 3507 tenore
1806 3434 2038 3534 jugiter
2070 3457 2206 3505 non
2248 3432 2688 3533 perficiuntur.
2735 3438 2812 3509 Id
2844 3436 3035 3537 quod

621 3549 932 3633 corrupta
956 3559 1160 3634 poma
1177 3542 1247 3606 δε
1262 3539 1534 3632 parietes
1553 3531 1740 3606 fraffl
1766 3532 2110 3606 illustrant:
2134 3555 2208 3605 ut
2228 3541 2296 3606 δέ
2319 3537 2469 3608 vina
2494 3557 2691 3634 atque
2711 3540 3033 3636 olea,quae

612 3639 684 3708 in
706 3658 858 3706 uvas
875 3642 947 3709 δε
965 3634 1168 3710 olivas
1190 3659 1524 3731 nunquam
1553 3639 1901 3735 remigrare
1921 3657 2184 3734 queant.

2641 3921 2645 3927 ’
2747 3913 3022 4000 wym-
