3391 4418
519 106 821 194 228.
1173 91 2247 185 stnurir1o

516 210 739 317 407.s
819 261 839 284 .
1009 217 1121 285 26.
1156 215 1464 284 coherere.
1487 206 1583 303 (τ’)
1607 209 2013 310 Corpuscula
2025 208 2588 312 phyfica'omnino
2600 202 2809 281 solida
2825 234 2939 284 ne-

522 344 633 422 gat
658 238 920 388 vgaius
942 311 1271 385 cohaerere
1288 309 1404 382 fibi
1420 312 1701 384 invicem
1722 307 1923 410 poise,
1943 317 2098 408 quin
2118 312 2561 409 relinquantur
2577 310 2786 383 multa
2800 307 2943 411 spa-

520 444 609 491 tia
628 419 862 498 inania3
883 419 1058 514 jungi
1076 418 1091 482 i
1099 435 1294 509 taque
1314 410 1834 511 &conglutinari
1851 416 2119 483 materia
2131 417 2560 483 intercurente
2577 418 2712 481 δίε.
2732 408 2946 485 Simili

468 562 476 571 ·
519 521 721 619 paeto
763 513 1090 586 Cattefius
1123 535 1313 611 negat
1326 509 1638 611 globulos
1659 509 1924 581 secundi
1944 509 2255 583 elementi
2267 507 2447 612 poss'e
2467 508 2654 581 fimul
2671 515 2854 611 jungi
2872 518 2946 583 δε

518 615 799 722 spatium
823 619 1216 685 continuum
1258 610 1502 708 replere
1522 655 1543 691 ,
1580 609 1700 683 nifi
1724 617 2190 685 intercurrente
2216 607 2591 683 fluidiffima
2602 613 2797 708 primi
2812 608 2948 681 ele·

521 720 728 789 menti
747 718 1049 790 materia,
1080 715 1287 784 P.111.
1310 711 1430 806 48.
1453 707 1542 808 sq.
1583 714 1907 811 vais
1932 735 2071 781 non
2087 710 2247 782 ideo
2268 716 2602 782 materiam
2617 709 2946 809 utriustlue

518 816 773 918 generis
791 810 1224 914 conglutinari
1239 834 1424 920 putet
1440 863 1462 894 ,
1482 809 1800 908 quamdiu
1822 810 2304 908 corpusfluidum
2322 810 2659 883 constituit
2671 861 2694 896 ,
2717 831 2953 910 utpooe

522 924 708 1015 cujus
748 933 987 983 naturae
1031 909 1398 983 adverlatur
1426 935 1640 1009 partes
1676 906 1919 981 habere
1950 919 2128 1007 juxta
2166 904 2225 979 se
2261 909 2494 982 mutuo
2529 905 2952 1006 quiescentes·

518 1012 698 1091 Vide
719 1036 867 1107 quae
883 1005 1063 1111 supra
1086 1007 1179 1082 th.
1206 1037 1240 1081 2
1254 1037 1280 1082 t
1294 1064 1310 1081 .
1326 1007 1527 1081 diota.
1574 1010 1917 1082 Glutinum
1937 1016 2113 1080 enim
2134 1006 2217 1079 ad
2239 1034 2600 1110 corporum
2611 1008 2953 1107 particulas

527 1110 1019 1213 conjungendas
1042 1108 1301 1181 nullum
1316 1105 1436 1181 effe
1455 1111 1667 1182 statuit
1686 1109 1933 1181 firmius
1953 1107 2490 1210 ipsarumquiete,
2508 1110 2841 1209 Principp.
2859 1112 2948 1179 11.

420 1241 423 1244 ’
640 1265 661 1287 .
694 1209 827 1285 Dis
858 1263 871 1277 .
895 1216 1227 1283 XX111.6.
1845 1234 1858 1248 ·

541 1244 574 1314 5
596 1240 747 1401 527.
798 1239 910 1383 ὃς
926 1335 1018 1381 eo
1032 1307 1581 1408 auremquicquid
1598 1306 1673 1380 fit
1692 1362 1716 1394 ,
1739 1305 2001 1381 Voffius
2018 1304 2404 1405 corpusculis
2418 1314 2705 1388 omnino
2717 1302 2944 1379 solidis

526 1436 640 1486 aut
674 1435 924 1483 certam
955 1435 1030 1482 ae
1060 1409 1399 1483 definitam
1425 1404 1860 1506 omnibusque
1894 1405 2176 1479 eandem
2197 1405 2466 1509 affignat
2482 1409 2806 1509 figuram,
2842 1429 2956 1478 aut

526 1514 664 1586 aliis
700 1511 919 1583 aliam.
970 1515 1118 1584 Sive
1154 1534 1375 1584 autem
1390 1514 1570 1612 prius
1587 1505 1714 1579 sive
1729 1508 2050 1677 posterius
2064 1505 2259 1592 velit,
2285 1515 2624 1581 materiam
2635 1514 2959 1581 intercur-

530 1636 789 1684 rentem
820 1620 890 1682 &
918 1607 1111 1710 spatia
1135 1610 1495 1711 replentem
1515 1607 1724 1706 quasli
1775 1631 1843 1678 et
1854 1607 2034 1707 poffe
2054 1606 2289 1702 figuras
2304 1606 2572 1680 induere
2588 1610 2822 1681 statu&
2834 1631 2957 1679 ne-

532 1709 695 1786 ceffe
728 1710 859 1797 est,
901 1710 1245 1809 prasertim
1288 1707 1336 1780 fi
1374 1704 1754 1806 corpuscula
1774 1705 1880 1776 illa
1899 1686 2846 1804 solidiffimajudicetmoveri,
2880 1730 2958 1782 ut

532 1807 721 1912 supra
742 1807 959 1883 aiebat
974 1855 996 1891 ‚
1030 1810 1247 1906 etiamsi
1261 1828 1607 1879 moveantur.
1660 1809 1878 1904 Hujus
1898 1810 2263 1906 argumenti
2281 1812 2383 1883 via
2393 1807 2753 1883 ostenditur
2766 1802 2951 1902 1²th

533 1918 773 1987 Contr.
792 1913 854 2010 §.
880 1934 966 1997 29
982 1935 1045 1981 ι..
1068 1904 1137 2005 sq
1171 1909 1343 2003 468.
1362 1904 1470 2004 sq:
2953 1933 2964 1943 ·

633 2015 746 2082 28.
795 2008 1098 2080 Mentibus.
1140 2004 1253 2100 (f)
1308 2003 1533 2107 Qod
1561 2005 1815 2081 Voffius
1830 2008 2013 2082 addit
2034 2062 2055 2094 ,
2088 2007 2417 2107 liquorem
2441 2010 2629 2084 illum
2642 2015 2961 2084 intercur-

533 2133 793 2183 rentem
828 2111 1217 2178 continuum
1252 2114 1324 2176 δε
1354 2104 1546 2177 nullis
1582 2107 1908 2182 meatibus
1939 2115 2369 2211 interceptum
2397 2111 2520 2185 esse
2543 2166 2566 2200 ,
2594 2110 2664 2184 id
2676 2134 2957 2211 ‚quoque

535 2214 824 2283 materiae
844 2211 1040 2307 primi
1056 2204 1362 2277 elementi
1383 2233 1559 2307 purae
1584 2215 1930 2296 convenit,
1970 2207 2076 2282 seu
2097 2236 2331 2312 magna
2346 2207 2452 2285 seu
2471 2239 2668 2313 parva
2687 2213 2824 2305 ejus
2834 2237 2959 2283 co·

531 2316 641 2413 pia
655 2306 751 2381 fit.
770 2313 876 2381 Sic
889 2313 955 2378 in
974 2306 1417 2407 potentiffima
1436 2308 1704 2380 flamma
1715 2307 2006 2409 perfecte
2019 2310 2260 2390 lucida,
2283 2313 2467 2385 nullo
2484 2312 2699 2386 modo
2722 2336 2959 2412 opaca,

536 2437 677 2484 non
717 2407 1021 2482 videntur
1048 2405 1165 2479 nifi
1201 2410 1389 2484 unius
1404 2414 1657 2510 generis
1722 2409 2137 2483 articulatesse
2163 2409 2359 2513 poffe.
2415 2416 2603 2488 Nam
2630 2410 2959 2485 ssinessent

398 2532 409 2539 ’
535 2505 766 2587 diverfi
781 2512 1033 2611 generis
1057 2562 1079 2594 ‚
1100 2534 1192 2580 eae
1204 2506 1306 2581 vel
1324 2508 1570 2582 tardius
1588 2535 1665 2583 ve
1690 2510 1977 2584 ⁶celerius
1994 2534 2441 2589 moverentur.
2458 2516 2666 2613 Atqui
2683 2511 2958 2587 celerius

536 2614 765 2715 agitari
780 2636 918 2683 non
933 2606 1193 2710 poss'unt
1209 2651 1234 2685 2
1269 2612 1587 2708 quoniam
1606 2610 1951 2710 puriffimae
1969 2610 2247 2683 flammae
2263 2614 2596 2715 particule
2615 2613 2838 2685 celerri
2848 2611 2956 2684 me

533 2711 665 2786 sem
715 2739 783 2784 er
807 2710 1053 2785 volant.
1092 2710 1241 2781 Nec
1255 2709 1497 2783 tardius
1513 2705 2199 2804 in-ejusmodifla‘mtna
2215 2711 2689 2814 perseverantes
2703 2718 2959 2788 moveri

584 2839 627 2883 o
680 2835 821 2894 unt,
839 2816 992 2907 quia
1008 2863 1029 2894 ,
1056 2810 1207 2881 cum
1226 2808 1544 2881 diffimilia
1564 2815 1634 2881 in
1651 2809 2156 2886 eosdemmotus
2175 2840 2308 2886 non
2324 2814 2731 2890 consentiant
2746 2858 2772 2893 ³
2792 2816 2959 2887 con-

533 2840 695 2984 fumi
716 2961 738 2995 ,
778 2908 1059 3007 diffipati-
1081 2933 1156 2978 ac
1178 2905 1387 2979 versus
1401 2915 1721 2981 exteriora
1737 2920 1884 3009 ejici
1900 2907 2058 3012 iplas
2079 2913 2325 2988 neceffi:
2343 2919 2457 2990 est.
2508 2919 2675 2989 Non
2688 2914 2955 3016 possunt

533 3014 730 3111 igitur
752 3013 820 3078 in
838 3032 999 3107 pura
1020 3006 1287 3077 flamma
1304 3030 1553 3078 meatus
1567 3016 1759 3081 vacui·
1775 3014 1881 3085 vel·
1895 3012 2105 3085 aliena
2124 3018 2389 3091 materia
2410 3021 2712 3117 occupati
2731 3016 2958 3087 locum

535 3114 849 3182 invenire.
902 3108 1079 3178 Nam
1112 3128 1386 3205 propter
1403 3105 1806 3183 celeritatem
1824 3122 1894 3186 δε
1911 3111 2389 3188 vehementiam
2407 3114 2657 3191 suarum
2672 3120 2957 3218 particu-

538 3209 751 3280 larum
778 3206 1083 3286 flammea
1102 3204 1371 3277 materia
1386 3203 1513 3307 ipsa
1532 3217 1916 3284 continuum
1931 3210 2201 3313 spatium
2220 3241 2504 3318 occupat
2519 3271 2538 3307 ,
2568 3217 2963 3291 tardiorem-

544 3333 674 3410 que
712 3314 780 3377 &
805 3303 1357 3477 geffniotem‘inde
1390 3307 1668 3406 expellit.
1749 3317 1959 3411 Atque
1991 3321 2080 3384 ita
2099 3320 2289 3414 primi
2326 3316 2633 3391 elementi
2656 3321 2956 3402 materia,

541 3411 798 3481 omnim
899 3410 953 3475 is
976 3404 1229 3505 figurari
1242 3432 1322 3477 ac
1333 3404 1535 3480 dividi
1559 3434 1714 3510 apta
1732 3436 1881 3483 nata
1901 3464 1922 3497 ‚
1943 3412 2027 3483 ad
2090 3439 2273 3485 uram
2294 3440 2372 3487 ac
2396 3415 2756 3518 [implicem
2770 3417 2959 3491 flam-

540 3533 720 3581 mam
760 3531 891 3579 con
942 3503 1289 3605 regandam
1329 3505 1573 3580 idonea
1594 3510 1705 3583 est.
1756 3519 1929 3613 Qae
1951 3439 2118 3587 κτίζε
2129 3511 2215 3584 ad
2234 3539 2310 3589 ea
2325 3514 2692 3592 illustranda
2707 3543 2851 3617 que
2872 3514 2960 3588 de

540 3605 697 3681 Sole
717 3602 918 3677 dixim
966 3631 993 3677 s
1018 3601 1199 3698 phys.
1227 3606 1478 3680 Contr.
1499 3608 1560 3708 §.
1578 3614 1747 3701 486.
1766 3636 1858 3708 49
1881 3640 1938 3686 ι.

642 3728 755 3795 29·
780 3708 928 3799 Jam
943 3702 991 3775 fi
1008 3715 1346 3777 materiam
1369 3714 1535 3779 tertii
1553 3710 1859 3783 elementi
1873 3711 2166 3787 dicamus
2176 3717 2468 3791 constare
2477 3722 2795 3820 partibus,
2867 3745 2970 3796 uae

539 3801 662 3878 fint
671 3805 959 3900 composita
972 3801 1176 3878 solida
1194 3859 1212 3886 ,
1255 3832 1542 3905 quorum
1562 3836 1768 3911 poros
1788 3810 2058 3886 fluidior
2079 3820 2351 3889 materia
2369 3828 2687 3918 percurrit
2700 3876 2722 3910 ,
2929 3865 2967 3895 v-

542 3903 756 3978 bimus
801 3908 973 3976 tertii
1013 3904 1319 3979 elementi
1357 3915 1703 3985 materiam
1735 3909 2092 3990 secundam
2124 3911 2636 4023 Philosophiam.
2657 3915 2966 3999 canem.

539 4006 709 4112 Vide
723 4000 916 4105 Phys.
931 4008 1176 4080 Cbntt.
1192 4006 1254 4111 ᾗ.
1274 4031 1446 4105 479.
1464 4004 1555 4111 sq.
2714 4045 2828 4119 30.
2848 4019 2957 4092 De
