3391 4418
600 140 719 219 96
1258 121 2360 207 Duru-witrio*

597 232 767 337 quid
788 231 957 306 reale
977 240 1048 305 δι
1062 227 1412 332 pofitivum
1431 233 1520 305 est
1540 282 1564 316 ,
1597 229 1789 330 quod
1808 228 2012 304 soli&
2031 238 2223 305 omni
2238 239 2332 305 rei
2350 259 2685 335 corporee
2702 238 3031 336 perpetuo

607 340 922 411 convenit
949 387 971 420 ,
996 359 1136 430 quo
1157 330 1315 402 nihil
1333 336 1514 432 prius
1535 338 1603 403 in
1622 330 2187 429 contemplatione
2206 339 2303 406 rei
2320 360 2439 407 cor
2487 361 2658 406 oreae
2681 341 2890 409 menti
2905 363 3034 409 no·

610 439 749 511 strae
781 439 1105 518 occurrit,
1125 440 1277 529 ‚jure
1317 429 1602 505 extenfio
1639 434 1754 504 ista
1786 425 2076 505 censetur
2101 439 2330 530 propria
2361 461 2392 504 e
2433 434 2701 531 entiaseu
2720 457 2934 507 natura
2951 449 3035 509 rei

604 558 891 632 corporea.
965 533 1167 604 Certe
1198 531 1245 602 fi
1285 532 1443 603 nihil
1483 531 1656 604 aliud
1688 538 1866 632 prius
1887 538 2193 632 &potius
2211 538 2281 604 in
2297 532 2488 606 rebus
2502 535 2683 607 mere
2697 542 3033 636 corporeis

610 643 797 711 Deus
812 631 1004 706 nobis
1021 631 1483 732 indagantibus,
1499 655 1737 705 notum
1753 630 1913 706 fecit
1931 686 1954 721 ‚
1984 632 2259 728 Phyficae
2275 635 2507 707 nostrae
2521 640 3036 736 principiumin·

617 735 704 808 de
718 738 955 807 merito
978 733 1364 805 areesiimus.

725 859 836 926 ¹3⁴
889 834 1185 922 Contra,
1224 832 1310 904 ad
1341 831 1666 906 effentiam
1687 839 1987 934 eorporis
2002 832 2448 936 generaliters
2478 837 2674 907 cebri
2691 831 3034 932 haudqua-

619 959 825 1032 quam
858 937 1175 1032 pertinet,
1205 937 1303 1005 uti
1335 932 1561 1034 vulgus
1587 936 1900 1007 existimat
1931 942 2125 1033 (quia
2149 962 2268 1036 per
2287 862 2804 1034 senigscorpora
2837 932 3034 1006 nobis

614 1033 1032 1106 innotescunt
1051 1058 1248 1131 atque
1267 1031 1422 1103 inde
1442 1041 1716 1106 nomina
1733 1038 2100 1135 accipiunt)
2128 1039 2333 1107 durum
2348 1037 2625 1128 velgrave
2641 1031 2802 1131 effe,
2821 1033 3034 1106 aliove

620 1132 838 1206 modo
862 1137 931 1204 in
950 1130 1516 1208 stnsusincutrere.
1539 1140 1718 1234 Qa
1740 1161 1800 1208 1.
1814 1136 1968 1206 talia
1989 1158 2127 1205 non
2143 1129 2350 1206 insunt
2367 1138 2554 1206 omni
2566 1139 2657 1205 rei
2675 1157 3029 1232 corporeae.

625 1261 691 1307 2.
712 1233 758 1303 fi
788 1230 999 1304 insunt
1020 1286 1042 1318 ,
1077 1260 1218 1306 non
1236 1230 1485 1335 semper
1508 1240 1945 1307 conveniunt:
1987 1258 2139 1306 nam
2164 1261 2263 1306 res
2290 1233 2452 1306 dura
2469 1232 2685 1332 potest
2704 1232 2983 1305 emolliri
3010 1286 3035 1319 ,

618 1331 840 1411 mollis
873 1332 1160 1410 indurari
1196 1343 1330 1407 δίε.
1370 1361 1432 1426 3.
1451 1359 1590 1407 non
1617 1333 1763 1406 sunt
1775 1341 2062 1433 primum
2084 1333 2244 1406 illud
2264 1343 2336 1407 δε
2355 1332 2757 1433 potiffimum
2770 1378 2803 1410 1³
2840 1333 3034 1430 quod

616 1438 686 1504 in
720 1459 999 1533 corpore
1036 1432 1439 1537 intelligitur.
1491 1436 1673 1509 Nam
1705 1431 1884 1535 poffi:
1909 1430 2113 1506 sensus
2147 1432 2400 1506 afficere
2429 1425 2871 1534 praefitpponit
2900 1438 3037 1506 exi-

617 1536 778 1607 stere
810 1530 1054 1630 aliquid
1086 1531 1411 1605 extensum
1432 1579 1457 1612 ‚
1494 1534 1712 1631 estque
1733 1532 2059 1633 respectus
2077 1532 2345 1632 quidam
2362 1557 2433 1604 ac
2452 1532 2911 1605 denominatio
2933 1558 3035 1604 ex-

620 1655 804 1703 terna
824 1684 845 1716 ,
886 1657 1027 1728 quae
1055 1628 1364 1704 fundatur
1386 1639 1455 1702 in
1482 1638 1700 1730 priore
1733 1633 1958 1730 aliqu-o
1983 1633 2302 1706 attributo
2325 1640 2588 1705 interno
2609 1640 2678 1704 &
2703 1629 3033 1706 absoluto.

612 1734 935 1830 Corpora
950 1755 1095 1801 vera
1111 1730 1250 1802 dari
1264 1730 1526 1829 poffunt
1541 1784 1563 1816 ,
1585 1726 1832 1807 etiamst
1853 1733 2010 1803 nulli
2031 1732 2266 1807 dentur
2277 1729 2479 1806 sensus
2493 1787 2517 1819 ,
2536 1735 2677 1811 imo
2688 1732 2803 1812 illa
2822 1757 3036 1809 creata

617 1830 760 1906 sunt
779 1856 1128 1936 antequam
1150 1830 1214 1901 hi
1234 1853 1626 1910 crearentur.
1679 1830 1854 1907 Vide
1870 1834 2107 1907 Genes.
2137 1860 2197 1909 1.
2554 1852 2557 1857 “
2766 1860 2769 1863 ·

1493 2018 1577 2098 D
1639 2048 1670 2102 1
1736 2044 1770 2100 s
1830 2048 1898 2100 Ρ.
2012 2016 2053 2098 1
2074 2017 2177 2106 V.

855 2142 1985 2273 wateriaesubstmtiastrvinte
2004 2173 2145 2240 Deo
2143 2154 2435 2274 simper
2457 2183 2775 2239 manens.

632 2362 691 2411 1.
897 2343 980 2410 Es
1011 2361 1333 2436 corporea
1358 2339 1682 2408 materialis
1709 2360 1982 2434 quoque
2020 2331 2414 2435 appellatur,
2447 2330 2722 2431 suntque
2753 2335 3036 2404 Materia

900 2447 968 2511 &
987 2438 1252 2537 Corpus
1267 2490 1289 2522 ,
1311 2434 1356 2506 fi
1369 2434 1752 2535 generaliter
1773 2432 2135 2509 confideres
2155 2488 2176 2520 ,
2196 2460 2418 2506 revera
2438 2460 2639 2507 unum
2653 2429 2838 2529 quid,
2855 2457 3040 2503 nem-

671 2563 706 2609 e
736 2537 1062 2612 extensum
1082 2543 1149 2608 in
1164 2535 1438 2637 longum
1461 2589 1483 2622 ,
1515 2533 1720 2609 latum
1739 2531 2251 2636 &profundum
2303 2540 2462 2607 Hoc
2484 2533 2636 2606 dico
2653 2577 2674 2608 2
2702 2540 2970 2611 materia
2987 2528 3037 2604 fi

620 2564 942 2739 ¹{actitetur
977 2665 1117 2712 non
1153 2663 1221 2712 ut
1250 2638 1439 2736 hujus
1460 2660 1573 2709 aut
1588 2635 1760 2708 illius
1784 2642 1912 2721 rei,
1945 2632 2214 2723 mensae,
2247 2638 2432 2711 vestis
2447 2638 2713 2708 materia
2732 2682 2755 2718 ‚
2792 2629 2894 2704 sed
2916 2658 3043 2732 ge·

612 2745 896 2812 ner'atim
915 2767 985 2814 ut
1007 2743 1309 2822 materia,
1347 2736 1438 2809 nil
1454 2737 1625 2809 aliud
1644 2738 1736 2808 est
1748 2734 1946 2835 quam
1965 2733 2293 2810 extensum
2315 2733 2580 2834 aliquid.
2634 2760 2637 2762 ·

723 2866 788 2911 2.
837 2843 1336 2938 Distinguuntur·
1371 2860 1591 2908 tamen
1631 2840 1702 2906 in
1740 2863 1824 2907 eo
1863 2845 2210 2937 corpus&
2235 2840 2535 2918 materia,
2575 2832 2765 2930 quod
2783 2834 3036 2906 Materia

619 2965 756 3013 vox
784 2936 855 3011 stt
891 2944 1094 3037 magis
1128 2939 1372 3033 logica
1411 2943 1480 3005 &
1517 2931 1901 3033 respectiva,
1929 2933 2291 3036 significans
2312 2931 2636 3007 extensum
2656 2961 2732 3006 ex
2752 2960 2893 3033 quo
2911 2931 3034 3005 ali-

620 3041 782 3139 quid
792 3039 894 3111 fit.
946 3042 1042 3107 Ita
1058 3036 1306 3134 lignum
1323 3031 1559 3104 dicitur
1576 3041 1840 3104 materia
1860 3034 2141 3106 aedificii.
2566 3041 2573 3046 ”
2618 3036 2628 3045 ’
2872 3117 2877 3120 Α

721 3169 752 3230 3
838 3142 1116 3211 Materia
1147 3128 1251 3206 seu
1286 3131 1495 3207 moles
1527 3157 1847 3231 corporea
1880 3131 2129 3206 tametfi
2162 3139 2438 3205 omnino
2463 3131 2706 3233 aliquid
2721 3130 2890 3205 reale
2911 3129 3032 3217 fit,

621 3264 759 3309 non
798 3261 1020 3309 tamen
1050 3261 1125 3306 ea
1147 3233 1312 3307 illius
1333 3234 1421 3304 est
1452 3228 1772 3331 perfestio
1794 3283 1812 3311 ,
1836 3257 1926 3302 -υτ
1952 3229 2119 3304 ηυΙΙέὶ
2136 3232 2218 3302 ad
2236 3234 2629 3305 existendum
2649 3230 3037 3322 camaindi5

616 3335 787 3441 geatss
843 3329 1037 3410 Solus
1072 3355 1214 3407 Deus
1233 3333 1326 3406 est
1345 3358 1460 3404 ens
1483 3327 1927 3430 independens
1947 3375 1968 3408 ‚
1999 3329 2034 3401 a
2056 3355 2194 3426 quo
2211 3335 2437 3404 omnia
2499 3334 2776 3406 endent:
2817 3331 3032 3405 adeo-

619 3466 749 3537 que
776 3443 972 3510 etiam
992 3437 1347 3506 materia&
1363 3431 1674 3531 quicquid
1697 3429 1787 3500 est
1806 3432 2167 3508 materiale,
2201 3456 2404 3529 quam
2468 3438 2537 3505 iu
2556 3430 2695 3507 sunt
2718 3486 2741 3521 ,
2772 3431 2857 3505 ab
2879 3426 3025 3534 ipso

615 3540 949 3646 pendeant
965 3529 1211 3608 necesse
1231 3532 1343 3604 est.
1865 3545 1878 3560 ·
2588 3581 2599 3590 -
2906 3603 2909 3604 f

713 3668 780 3730 4.
836 3647 1013 3713 Cum
1045 3660 1207 3735 ergo
1243 3635 1519 3709 Materia
1534 3625 1638 3699 seu
1656 3656 1757 3702 res
1784 3625 2030 3701 extensa
2042 3654 2160 3728 per
2177 3626 2237 3699 se
2255 3629 2511 3703 existere
2537 3627 2773 3720 dicitur
2788 3641 2860 3706 &
2878 3631 3032 3699 Sub-

590 3735 820 3834 stantia
859 3736 1255 3837 appellatur,
1282 3757 1418 3804 non
1450 3729 1802 3805 denotatur
1834 3739 1969 3827 ejus
2003 3727 2568 3827 independentiaa
2603 3729 2824 3818 causa,
2858 3727 3027 3803 seda

609 3836 905 3934 subjecsto
940 3838 1196 3908 tantum
1219 3886 1240 3918 ,
1270 3831 1414 3906 hoc'
1438 3833 1560 3910 est,
1598 3828 1788 3929 quod
1825 3828 2007 3902 nullo
2025 3828 2312 3927 indigeat
2329 3824 2624 3922 subjecto
2646 3830 2730 3899 ad
2753 3834 3026 3906 existen-

606 3936 767 4013 dum
787 3991 808 4029 ,
833 3936 1020 4013 sicuti
1032 3935 1239 4040 figura
1257 3985 1278 4021 ,
1311 3955 1537 4008 motus
1561 3941 1629 4008 &
1649 3929 1878 4007 similia
1891 3926 2252 4026 subjeetum
2269 3931 2603 4026 requirunt
2623 3978 2645 4014 ‚
2681 3934 2786 4000 cui
2806 3925 3027 4001 infint.

2753 4033 3024 4130 5·Q
