3391 4418
1098 123 1507 210 Pus-s
1566 156 1596 212 1
1656 150 1718 211 e
1774 154 1830 214 Α
1938 125 2203 218 XI‘X·
2692 155 2846 240 ¹79

413 268 606 321 tenus
625 239 974 316 ordinariae
991 242 1121 312 Dei
1143 237 1581 342 providentia:
1602 239 1972 338 subjicitur,
2009 241 2275 342 ejusque
2289 238 2466 342 leges
2478 264 2557 313 ae
2574 237 2841 320 decreta

390 343 764 420 neeeffirio
785 336 1170 440 exsequitur.
1205 341 1404 415 Unde
1421 336 1563 414 fato
1581 343 1723 416 fieti
1745 341 2054 416 dicuntur
2068 396 2090 428 ‚
2128 368 2275 442 quae
2291 344 2326 414 ὲ
2351 339 2552 415 caufis
2572 367 2835 417 natura-

408 446 581 520 libus
614 440 966 517 secundum
1005 442 1309 515 ordinem
1353 466 1596 517 naturae
1630 443 1668 516 d
1704 447 1862 516 Deo
1875 444 2236 518 institutum
2252 441 2460 523 fiunt,
2494 449 2633 543 quo
2652 440 2827 519 sensu

404 547 782 622 Aristoteles
795 569 1007 616 rerum
1023 547 1481 646 generationes
1500 540 1728 618 fatales
1752 544 2059 646 appellat.

509 674 575 721 2.
621 644 752 721 Sed
788 644 1178 719 accedamus
1217 642 1303 715 ad
1341 642 1503 744 ipsas
1543 642 1828 746 regulas:
1862 650 2080 720 Prima
2111 644 2210 718 lex
2246 644 2679 720 Naturae‘talis
2693 645 2818 717 est:

392 769 831 841 unaquaqueres
852 799 873 833 ‚
904 768 1174 839 quatenus
1186 743 1587 840 estfimplex&
1604 746 1875 841 induisti,
1911 765 2134 830 manet,
2163 767 2441 838 quantum
2456 752 2516 819 in
2522 743 2678 841 sees}
2696 799 2718 830 ‚
2756 748 2821 815 in

380 849 585 920 eodem
600 845 990 943 semperfiatu
1012 897 1035 929 ‚
1070 870 1168 918 nec
1182 864 1441 916 mutatur
1457 870 1712 939 unquam
1732 897 1756 934 ‚
1789 848 1900 940 nist
1910 847 1947 917 ei
1962 846 2400 941 caufisexternis.
2454 851 2650 919 Hanc
2668 847 2813 920 Na-

391 970 548 1022 turae
575 947 791 1049 legem
820 949 1037 1045 primo
1079 942 1583 1045 explicabimus,
1622 944 1866 1020 deinde
1898 947 1937 1018 εἰ
1953 951 2152 1045 priori
2174 944 2765 1020 demonstrabimus
2788 1001 2806 1024 .

358 1073 530 1124 etum
547 1047 605 1121 a
641 1048 992 1148 posteriori
1013 1052 1150 1137 ejus
1172 1049 1511 1117 veritatem
1529 1047 1838 1146 exemplis
1853 1071 2051 1145 atque
2068 1049 2523 1145 experimentis
2540 1044 2809 1118 ulterius

372 1145 930 1225 confirmabimus
951 1196 974 1231 ,
1007 1140 1242 1216 dicturi
1266 1146 1467 1216 etiam
1490 1196 1513 1229 ,
1542 1171 1742 1244 quare
1761 1147 1843 1216 ad
1865 1169 2130 1218 motum
2145 1147 2432 1217 localem
2449 1143 2649 1244 vulgo
2669 1169 2807 1217 non

368 1250 528 1323 -satis
565 1246 964 1346 applicetur,
1002 1251 1182 1341 cujus
1214 1242 1489 1341 quidem
1515 1245 1880 1345 explicandi
1916 1250 2123 1346 gratia
2151 1270 2277 1318 nos
2316 1269 2464 1317 eam
2480 1246 2803 1344 praecipue.

356 1349 856 1449 proponimus·
1292 1379 1295 1380 ⁷

487 1470 548 1533 3.
609 1444 734 1513 Per
768 1462 1219 1533 unamquamque
1247 1463 1371 1513 rem
1406 1437 1825 1539 intelligimus
1855 1442 2074 1540 primo
2113 1440 2385 1540 quidem
2422 1453 2491 1516 δε
2525 1437 2804 1514 maxime

362 1540 802 1615 substantiam
850 1565 1246 1639 corpoream
1265 1592 1288 1626 ,
1326 1535 1568 1612 deinde
1627 1544 1826 1611 etiam
1888 1539 2170 1613 modum
2228 1540 2334 1614 scu
2381 1540 2803 1617 affectionem

375 1644 849 1743 quamcunque
888 1636 1247 1716 substantiae
1277 1664 1650 1741 corporeae,
1680 1666 1826 1739 quae
1838 1636 1917 1714 fit
1937 1638 2471 1728 considerationis
2492 1642 2794 1742 Phyficae.

369 1746 562 1818 Nam
579 1765 654 1816 ut
667 1738 908 1845 eorpus
927 1740 1163 1815 dicitur
1176 1766 1433 1814 manere
1455 1743 1525 1811 in
1540 1738 1785 1813 eodem
1806 1740 1997 1820 statu,
2017 1741 2334 1841 quamdiu
2347 1741 2629 1816 eundem
2647 1769 2800 1830 mo·

362 1868 519 1919 tum
540 1849 809 1918 retinet:
836 1848 927 1915 ita
945 1865 1164 1918 motus
1182 1846 1381 1915 etiam
1395 1837 1524 1942 ipse
1539 1843 1611 1913 in
1623 1841 1871 1915 eodem
1889 1843 2059 1917 statu
2072 1837 2473 1946 perseverate
2488 1847 2666 1919 reike
2679 1842 2799 1916 di-

357 1950 537 2019 'citur
552 1997 575 2034 ‚
608 1939 980 2044 quantisper
992 1941 1270 2015 eandem
1289 1949 1525 2016 retinet
1541 1941 1942 2017 celeritatem
1957 1945 2366 2045 eandemque
2386 1970 2629 2019 metam
2643 1996 2666 2025 ‚
2686 1940 2797 2018 seu

360 2044 691 2146 quamdiu
704 2049 877 2121 viam
896 2050 967 2118 δε
982 2042 1286 2118 ordinem
1307 2042 1396 2117 sui
1409 2042 1774 2146 progressus
1791 2071 1932 2118 non
1957 2071 2190 2128 mutat.
2229 2052 2554 2149 vais
2570 2067 2792 2119 autem

356 2147 561 2220 nostri
574 2147 707 2241 jam
731 2170 872 2221 non
893 2143 973 2218 sit
993 2147 1261 2220 instituti
1279 2191 1300 2229 ‚
1337 2144 1505 2220 ultra
1522 2145 1764 2221 limites
1782 2144 2059 2221 scientiae
2078 2152 2385 2223 naturalis
2409 2171 2741 2222 excurrere
2762 2199 2788 2234 ‚

355 2245 675 2321 nolumus
708 2269 932 2320 tamen
968 2247 1240 2320 inficiari
1262 2300 1285 2335 ‚
1372 2252 1485 2320 uin
1520 2245 1892 2348 regulahaec
1919 2247 2183 2341 Physica
2199 2250 2397 2351 poffit
2411 2275 2683 2348 quoque
2698 2245 2788 2319 ad

364 2345 523 2417 alias
551 2370 653 2416 res
683 2369 824 2419 nou
859 2342 1159 2441 Physicas
1178 2344 1300 2419 suo
1316 2275 1492 2420 gnsu
1513 2346 1770 2419 extendi
1792 2375 1810 2417 ε
1859 2343 1943 2418 fic
1963 2344 2157 2423 Thes.
2170 2380 2216 2443 9
2233 2349 2366 2421 fine
2382 2355 2645 2421 Animae
2659 2373 2788 2419 no-

373 2442 515 2516 strae
536 2442 991 2514 immortalitas
1008 2468 1084 2515 ex
1106 2470 1182 2516 ea
1203 2445 1709 2519 demonstratur.
1761 2446 1976 2518 Porro
1997 2499 2019 2531 ‚
2051 2474 2188 2519 rem
2201 2446 2628 2546 intelligimus
2645 2470 2784 2516 non

356 2536 811 2642 compositam
842 2548 913 2611 &
942 2546 1010 2609 in
1022 2542 1254 2614 multas
1278 2541 1671 2641 diversasque
1691 2568 1903 2642 partes
1925 2569 1993 2613 te
2012 2543 2141 2642 ipsa
2156 2543 2420 2617 divisam
2440 2573 2460 2627 ς
2500 2556 2531 2629 (
2551 2543 2785 2615 harum

358 2645 544 2714 enim
561 2645 843 2742 partium
864 2662 993 2709 una
1015 2636 1173 2711 dum
1193 2647 1325 2740 agit
1344 2647 1412 2713 in
1433 2643 1626 2713 aliam
1643 2694 1666 2727 ‚
1701 2666 1842 2712 non
1855 2646 2093 2710 mitum
2113 2641 2204 2710 est
2226 2691 2248 2720 ,
2283 2645 2524 2711 ‘mutari
2538 2650 2783 2721 totum)

356 2763 424 2814 at
425 2741 742 2838 simplicem
756 2759 931 2831 atque
957 2739 1260 2835 indivisam
1276 2790 1298 2819 ‚
1329 2734 1554 2830 eafere
1574 2744 1828 2812 ratione
1847 2792 1870 2826 ,
1899 2763 2028 2835 qua
2050 2734 2651 2839 Metaphyficorum
2668 2737 2789 2811 ali·

411 2845 481 2914 ui
504 2837 830 2913 definiunt
844 2862 1076 2926 unum,
1090 2837 1278 2937 quod
1294 2843 1363 2912 in
1377 2838 1436 2913 se
1460 2836 1809 2913 indivisum
1824 2847 1897 2915 &
1918 2836 2187 2913 divisum
2203 2840 2239 2912 d
2255 2838 2494 2940 quovis
2508 2837 2661 2912 alio.
2686 2844 2783 2912 Ita

355 2866 550 3015 Pacile
567 2962 838 3043 apparet
856 2943 1027 3011 ratio
1045 2984 1072 3019 ‚
1095 2964 1208 3012 eut
1229 2966 1471 3044 corpus
1489 2941 1854 3015 humanum
1872 2967 2013 3016 non
2031 2946 2373 3014 maneatin
2386 2939 2632 3014 eodem
2650 2939 2780 3014 sta-

359 3066 437 3116 tu
454 3098 473 3126 ,
516 3067 594 3118 ut
608 3064 852 3142 eorpus
865 3038 1132 3138 alicujus
1148 3040 1402 3144 lapidis.
2301 3110 2314 3115 -
2417 3102 2420 3105 >

382 3188 383 3191 =
457 3169 530 3233 4.
575 3146 747 3216 Haec
785 3139 869 3212 de
889 3135 1186 3239 subje&o
1211 3142 1449 3218 nosttae
1474 3142 1750 3245 regulae‚
1787 3136 2549 3242 s'equitut'praedica'tum‚
2582 3137 2774 3239 quod

359 3262 595 3314 maneat
617 3249 675 3315 in
696 3242 884 3314 eodem
906 3241 1129 3336 semper
1143 3238 1341 3336 statu,
1378 3241 1514 3317 hoc
1552 3245 1644 3315 est
1664 3300 1682 3328 ,
1723 3242 1911 3341 quod
1932 3240 2273 3317 substantia
2286 3267 2609 3345 corporea
2625 3266 2777 3342 per-

357 3338 528 3414 sistat
558 3346 625 3413 in
658 3339 892 3415 eadem
921 3337 1172 3443 semper
1206 3343 1651 3445 magnitudine
1685 3397 1705 3425 ,
1753 3342 1955 3444 figura
1983 3396 2004 3429 ,
2055 3342 2211 3432 suu,
2247 3368 2477 3431 motu,
2510 3346 2771 3444 quiete,

360 3447 563 3534 (nam
603 3441 689 3513 ab
725 3444 853 3515 istis
888 3447 1175 3543 quinque
1202 3468 1437 3517 omnes
1476 3441 1754 3516 omnino
1793 3468 2148 3544 corporum
2184 3443 2417 3520 formae
2435 3440 2770 3548 pendent)

352 3546 514 3615 item
546 3594 572 3628 ,
617 3540 806 3642 quod
849 3565 1070 3616 motus
1099 3542 1311 3618 versus
1337 3544 1619 3618 eandem
1650 3542 1900 3641 semper
1926 3567 2178 3644 partem
2209 3543 2524 3648 dirigatur
2550 3590 2573 3625 ‚
2612 3558 2774 3614 e'un-

356 3640 651 3742 demque
698 3640 902 3715 servet
963 3639 1085 3717 suae
1138 3644 1481 3720 celeritatis
1528 3646 1632 3718 vel
1676 3642 1993 3718 tarditatis
2036 3644 2329 3746 gradum.
2430 3641 2770 3718 Poffumus

354 3748 556 3816 etiam
576 3797 598 3829 ‚
637 3750 791 3842 quia
810 3741 1095 3815 decania
1110 3766 1331 3818 motus
1361 3756 1432 3821 &
1451 3750 1692 3845 quietis
1709 3749 2011 3817 traebatio
2031 3743 2227 3818 'nobis
2246 3749 2317 3817 in
2336 3744 2627 3845 praesenti
2646 3740 2771 3827 sus}-

344 3866 547 3946 ·eepta
579 3846 711 3924 est,
743 3867 1018 3918 omnem
1061 3851 1154 3917 rei
1192 3846 1758 3946 corpoteaestatum
1797 3843 2221 3921 solummodo
2257 3845 2343 3919 ad
2384 3869 2643 3920 motum
2660 3838 2767 3917 vel

353 3951 643 4047 quietem
656 3943 897 4020 referre
913 3996 935 4033 ,
959 3947 1115 4027 licet
1130 3943 1235 4020 ille
1254 3947 1448 4048 quam
1467 3948 1749 4048 plurima
1761 3946 1892 4018 alia
1905 3942 2199 4022 sortiatur
2210 3951 2486 4021 nomina
2505 3975 2536 4019 εγ
2556 3969 2655 4015 ex.
2667 3964 2770 4099 gq-

366 4080 377 4083 -
1841 4052 1901 4120 Z
1954 4073 1993 4120 2
2137 4080 2150 4085 -
2575 4057 2714 4136 quo
