<?xml version="1.0" encoding="UTF-8"?>
<!DOCTYPE html PUBLIC "-//W3C//DTD XHTML 1.0 Transitional//EN"
    "http://www.w3.org/TR/xhtml1/DTD/xhtml1-transitional.dtd">
<html xmlns="http://www.w3.org/1999/xhtml" xml:lang="en" lang="en">
 <head>
  <title>
</title>
<meta http-equiv="Content-Type" content="text/html;charset=utf-8" />
  <meta name='ocr-system' content='tesseract 3.04.00' />
  <meta name='ocr-capabilities' content='ocr_page ocr_carea ocr_par ocr_line ocrx_word'/>
</head>
<body>
  <div class='ocr_page' id='page_1' title='image "./johannisclauber00claugoog_0385.png"; bbox 0 0 3391 4418; ppageno 0'>
   <div class='ocr_carea' id='block_1_1' title="bbox 366 98 2835 1031">
    <p class='ocr_par' dir='ltr' id='par_1_1' title="bbox 386 98 2835 439">
     <span class='ocr_line' id='line_1_1' title="bbox 586 98 2835 239; baseline 0.009 -50"><span class='ocrx_word' id='word_1_1' title='bbox 586 209 619 222; x_wconf 75' lang='lat'>‚.</span> <span class='ocrx_word' id='word_1_2' title='bbox 808 98 2184 222; x_wconf 22' lang='lat' dir='ltr'>,veonJuuc’r-to.</span> <span class='ocrx_word' id='word_1_3' title='bbox 2257 123 2286 130; x_wconf 81' lang='grc'>”</span> <span class='ocrx_word' id='word_1_4' title='bbox 2477 209 2484 212; x_wconf 73' lang='grc'><em>,</em></span> <span class='ocrx_word' id='word_1_5' title='bbox 2659 136 2835 239; x_wconf 86' lang='lat'>365.</span> 
     </span>
     <span class='ocr_line' id='line_1_2' title="bbox 386 218 2812 333; baseline 0.005 -32"><span class='ocrx_word' id='word_1_6' title='bbox 386 226 611 304; x_wconf 70' lang='lat' dir='ltr'>utrum</span> <span class='ocrx_word' id='word_1_7' title='bbox 642 221 846 325; x_wconf 84' lang='lat' dir='ltr'>igitur</span> <span class='ocrx_word' id='word_1_8' title='bbox 882 225 1064 290; x_wconf 76' lang='lat' dir='ltr'><em>Homo</em></span> <span class='ocrx_word' id='word_1_9' title='bbox 1087 239 1190 312; x_wconf 84' lang='lat' dir='ltr'>per</span> <span class='ocrx_word' id='word_1_10' title='bbox 1210 218 1281 316; x_wconf 78' lang='lat' dir='ltr'><em>fi</em></span> <span class='ocrx_word' id='word_1_11' title='bbox 1298 271 1322 305; x_wconf 89' lang='lat'>,</span> <span class='ocrx_word' id='word_1_12' title='bbox 1353 238 1554 312; x_wconf 78' lang='lat' dir='ltr'>anper</span> <span class='ocrx_word' id='word_1_13' title='bbox 1579 222 1834 293; x_wconf 70' lang='lat' dir='ltr'>accidem</span> <span class='ocrx_word' id='word_1_14' title='bbox 1858 247 2035 297; x_wconf 79' lang='lat' dir='ltr'>unum</span> <span class='ocrx_word' id='word_1_15' title='bbox 2069 226 2227 325; x_wconf 88' lang='lat' dir='ltr'>quid</span> <span class='ocrx_word' id='word_1_16' title='bbox 2249 229 2680 333; x_wconf 84' lang='lat' dir='ltr'>appellandus</span> <span class='ocrx_word' id='word_1_17' title='bbox 2697 243 2812 332; x_wconf 64' lang='grc' dir='ltr'>[ιτς</span> 
     </span>
     <span class='ocr_line' id='line_1_3' title="bbox 390 316 2812 439; baseline 0.006 -48"><span class='ocrx_word' id='word_1_18' title='bbox 390 353 548 402; x_wconf 77' lang='lat' dir='ltr'>eum</span> <span class='ocrx_word' id='word_1_19' title='bbox 580 326 659 397; x_wconf 89' lang='lat' dir='ltr'>ad</span> <span class='ocrx_word' id='word_1_20' title='bbox 689 316 1130 420; x_wconf 83' lang='lat' dir='ltr'>Ontosophiae</span> <span class='ocrx_word' id='word_1_21' title='bbox 1160 342 1395 418; x_wconf 88' lang='lat' dir='ltr'>caput,</span> <span class='ocrx_word' id='word_1_22' title='bbox 1425 344 1565 416; x_wconf 89' lang='lat' dir='ltr'>quo</span> <span class='ocrx_word' id='word_1_23' title='bbox 1600 317 1685 392; x_wconf 88' lang='lat' dir='ltr'>de</span> <span class='ocrx_word' id='word_1_24' title='bbox 1720 323 1995 399; x_wconf 79' lang='lat' dir='ltr'>Unitate</span> <span class='ocrx_word' id='word_1_25' title='bbox 2027 333 2374 419; x_wconf 61' lang='lat' dir='ltr'>traebatur,</span> <span class='ocrx_word' id='word_1_26' title='bbox 2403 332 2671 439; x_wconf 62' lang='lat' dir='ltr'>ablega.</span> <span class='ocrx_word' id='word_1_27' title='bbox 2734 348 2812 418; x_wconf 83' lang='lat' dir='ltr'>In</span> 
     </span>
    </p>

    <p class='ocr_par' dir='ltr' id='par_1_2' title="bbox 383 417 2807 624">
     <span class='ocr_line' id='line_1_4' title="bbox 436 417 2807 522; baseline 0.007 -22"><span class='ocrx_word' id='word_1_28' title='bbox 436 421 676 500; x_wconf 85' lang='lat' dir='ltr'>raesenti</span> <span class='ocrx_word' id='word_1_29' title='bbox 706 421 975 521; x_wconf 89' lang='lat' dir='ltr'>quidem</span> <span class='ocrx_word' id='word_1_30' title='bbox 1003 421 1040 493; x_wconf 72' lang='lat' dir='ltr'>a</span> <span class='ocrx_word' id='word_1_31' title='bbox 1064 417 1362 492; x_wconf 66' lang='lat' dir='ltr'>distincta</span> <span class='ocrx_word' id='word_1_32' title='bbox 1390 423 1487 490; x_wconf 85' lang='lat' dir='ltr'>rei</span> <span class='ocrx_word' id='word_1_33' title='bbox 1516 422 1953 522; x_wconf 76' lang='lat' dir='ltr'>explicatione</span> <span class='ocrx_word' id='word_1_34' title='bbox 1985 426 2074 500; x_wconf 82' lang='lat' dir='ltr'>ad</span> <span class='ocrx_word' id='word_1_35' title='bbox 2102 435 2470 507; x_wconf 80' lang='lat' dir='ltr'>intricatam</span> <span class='ocrx_word' id='word_1_36' title='bbox 2499 437 2581 509; x_wconf 88' lang='lat' dir='ltr'>de</span> <span class='ocrx_word' id='word_1_37' title='bbox 2605 466 2807 516; x_wconf 74' lang='lat' dir='ltr'>voca-</span> 
     </span>
     <span class='ocr_line' id='line_1_5' title="bbox 383 454 1547 624; baseline -0.008 -21"><span class='ocrx_word' id='word_1_38' title='bbox 383 454 562 603; x_wconf 63' lang='lat' dir='ltr'>bulis</span> <span class='ocrx_word' id='word_1_39' title='bbox 590 524 1090 624; x_wconf 84' lang='lat' dir='ltr'>disputationem</span> <span class='ocrx_word' id='word_1_40' title='bbox 1119 516 1331 591; x_wconf 86' lang='lat' dir='ltr'>dilabi</span> <span class='ocrx_word' id='word_1_41' title='bbox 1359 518 1547 594; x_wconf 80' lang='lat' dir='ltr'>nole.</span> 
     </span>
    </p>

    <p class='ocr_par' dir='ltr' id='par_1_3' title="bbox 366 618 2800 1031">
     <span class='ocr_line' id='line_1_6' title="bbox 480 618 2800 722; baseline 0.002 -19"><span class='ocrx_word' id='word_1_42' title='bbox 480 655 552 718; x_wconf 93' lang='lat'>7.</span> <span class='ocrx_word' id='word_1_43' title='bbox 602 623 769 700; x_wconf 87' lang='lat' dir='ltr'>Illud</span> <span class='ocrx_word' id='word_1_44' title='bbox 795 619 964 696; x_wconf 76' lang='lat' dir='ltr'>reale</span> <span class='ocrx_word' id='word_1_45' title='bbox 994 629 1063 694; x_wconf 75' lang='grc' dir='ltr'>δε</span> <span class='ocrx_word' id='word_1_46' title='bbox 1093 618 1631 722; x_wconf 84' lang='lat' dir='ltr'>elegantiffimum</span> <span class='ocrx_word' id='word_1_47' title='bbox 1663 625 1735 694; x_wconf 88' lang='lat' dir='ltr'>in</span> <span class='ocrx_word' id='word_1_48' title='bbox 1762 622 2041 721; x_wconf 75' lang='lat' dir='ltr'>Physicis</span> <span class='ocrx_word' id='word_1_49' title='bbox 2069 628 2293 705; x_wconf 84' lang='lat' dir='ltr'>thema</span> <span class='ocrx_word' id='word_1_50' title='bbox 2318 631 2518 711; x_wconf 86' lang='lat' dir='ltr'>nobis</span> <span class='ocrx_word' id='word_1_51' title='bbox 2536 636 2648 711; x_wconf 82' lang='lat' dir='ltr'>hic</span> <span class='ocrx_word' id='word_1_52' title='bbox 2671 647 2800 715; x_wconf 85' lang='lat' dir='ltr'>tra’.</span> 
     </span>
     <span class='ocr_line' id='line_1_7' title="bbox 379 717 2798 842; baseline 0.002 -39"><span class='ocrx_word' id='word_1_53' title='bbox 379 726 692 805; x_wconf 67' lang='lat' dir='ltr'>&amp;andum</span> <span class='ocrx_word' id='word_1_54' title='bbox 721 724 812 796; x_wconf 90' lang='lat' dir='ltr'>est</span> <span class='ocrx_word' id='word_1_55' title='bbox 840 769 862 803; x_wconf 87' lang='lat'>‚</span> <span class='ocrx_word' id='word_1_56' title='bbox 899 721 1258 824; x_wconf 86' lang='lat' dir='ltr'>quomodo</span> <span class='ocrx_word' id='word_1_57' title='bbox 1287 717 1585 795; x_wconf 80' lang='lat' dir='ltr'>Univerfi</span> <span class='ocrx_word' id='word_1_58' title='bbox 1612 724 1959 801; x_wconf 77' lang='lat' dir='ltr'>Conditor</span> <span class='ocrx_word' id='word_1_59' title='bbox 1986 739 2420 833; x_wconf 88' lang='lat' dir='ltr'>omnipotens</span> <span class='ocrx_word' id='word_1_60' title='bbox 2445 745 2513 812; x_wconf 74' lang='grc' dir='ltr'>δι</span> <span class='ocrx_word' id='word_1_61' title='bbox 2548 725 2798 842; x_wconf 66' lang='lat' dir='ltr'>sapien..</span> 
     </span>
     <span class='ocr_line' id='line_1_8' title="bbox 369 820 2798 941; baseline 0.005 -38"><span class='ocrx_word' id='word_1_62' title='bbox 369 831 674 914; x_wconf 83' lang='lat' dir='ltr'>tissimus,</span> <span class='ocrx_word' id='word_1_63' title='bbox 699 821 865 897; x_wconf 88' lang='lat' dir='ltr'>nihil</span> <span class='ocrx_word' id='word_1_64' title='bbox 888 820 1289 917; x_wconf 86' lang='lat' dir='ltr'>impediente</span> <span class='ocrx_word' id='word_1_65' title='bbox 1310 843 1491 894; x_wconf 87' lang='lat' dir='ltr'>tanta</span> <span class='ocrx_word' id='word_1_66' title='bbox 1515 845 1764 899; x_wconf 81' lang='lat' dir='ltr'>naturae</span> <span class='ocrx_word' id='word_1_67' title='bbox 1790 851 2133 930; x_wconf 68' lang='lat' dir='ltr'>corporeae</span> <span class='ocrx_word' id='word_1_68' title='bbox 2158 842 2230 906; x_wconf 70' lang='grc' dir='ltr'>ὅ(</span> <span class='ocrx_word' id='word_1_69' title='bbox 2256 839 2670 941; x_wconf 73' lang='lat' dir='ltr'>incorporee</span> <span class='ocrx_word' id='word_1_70' title='bbox 2687 842 2798 917; x_wconf 89' lang='lat' dir='ltr'>di-</span> 
     </span>
     <span class='ocr_line' id='line_1_9' title="bbox 366 926 2236 1031; baseline 0.001 -25"><span class='ocrx_word' id='word_1_71' title='bbox 366 926 699 1006; x_wconf 80' lang='lat' dir='ltr'>verfitate.</span> <span class='ocrx_word' id='word_1_72' title='bbox 732 946 940 998; x_wconf 89' lang='lat' dir='ltr'>unum</span> <span class='ocrx_word' id='word_1_73' title='bbox 966 945 1041 992; x_wconf 86' lang='lat' dir='ltr'>ex</span> <span class='ocrx_word' id='word_1_74' title='bbox 1073 942 1343 1018; x_wconf 85' lang='lat' dir='ltr'>utraque</span> <span class='ocrx_word' id='word_1_75' title='bbox 1371 926 1744 998; x_wconf 84' lang='lat' dir='ltr'>Hominem</span> <span class='ocrx_word' id='word_1_76' title='bbox 1768 929 2236 1031; x_wconf 85' lang='lat' dir='ltr'>composuerit.</span> 
     </span>
    </p>
   </div>
   <div class='ocr_carea' id='block_1_2' title="bbox 1231 1107 1878 1218">
    <p class='ocr_par' dir='ltr' id='par_1_4' title="bbox 1231 1107 1878 1218">
     <span class='ocr_line' id='line_1_10' title="bbox 1231 1107 1878 1218; baseline -0.014 -13"><span class='ocrx_word' id='word_1_77' title='bbox 1231 1107 1473 1218; x_wconf 61' lang='lat' dir='ltr'>‚CA</span> <span class='ocrx_word' id='word_1_78' title='bbox 1537 1137 1602 1192; x_wconf 59' lang='grc' dir='ltr'>ιι</span> <span class='ocrx_word' id='word_1_79' title='bbox 1717 1115 1878 1202; x_wconf 91' lang='lat' dir='ltr'>VI.</span> 
     </span>
    </p>
   </div>
   <div class='ocr_carea' id='block_1_3' title="bbox 738 1252 2368 1375">
    <p class='ocr_par' dir='ltr' id='par_1_5' title="bbox 738 1252 2368 1375">
     <span class='ocr_line' id='line_1_11' title="bbox 738 1252 2368 1375; baseline 0.003 -42"><span class='ocrx_word' id='word_1_80' title='bbox 738 1252 1134 1366; x_wconf 77' lang='lat' dir='ltr'>·Qom0do</span> <span class='ocrx_word' id='word_1_81' title='bbox 1168 1279 1450 1367; x_wconf 76' lang='lat' dir='ltr'>corpora</span> <span class='ocrx_word' id='word_1_82' title='bbox 1481 1255 1679 1337; x_wconf 78' lang='lat' dir='ltr'>inter</span> <span class='ocrx_word' id='word_1_83' title='bbox 1691 1259 1782 1370; x_wconf 73' lang='lat' dir='ltr'>sb</span> <span class='ocrx_word' id='word_1_84' title='bbox 1816 1289 1939 1340; x_wconf 86' lang='lat' dir='ltr'>con</span> <span class='ocrx_word' id='word_1_85' title='bbox 1916 1260 2368 1375; x_wconf 78' lang='lat' dir='ltr'>jungantur.</span> 
     </span>
    </p>
   </div>
   <div class='ocr_carea' id='block_1_4' title="bbox 311 1425 2810 3924">
    <p class='ocr_par' dir='ltr' id='par_1_6' title="bbox 366 1425 2787 1606">
     <span class='ocr_line' id='line_1_12' title="bbox 366 1425 2787 1606; baseline 0.006 -108"><span class='ocrx_word' id='word_1_86' title='bbox 366 1464 431 1516; x_wconf 84' lang='lat'>1.</span> <span class='ocrx_word' id='word_1_87' title='bbox 461 1435 778 1606; x_wconf 81' lang='lat' dir='ltr'>DUo</span> <span class='ocrx_word' id='word_1_88' title='bbox 809 1452 1092 1529; x_wconf 89' lang='lat' dir='ltr'>corpora</span> <span class='ocrx_word' id='word_1_89' title='bbox 1114 1430 1340 1530; x_wconf 71' lang='lat' dir='ltr'>J’unEta</span> <span class='ocrx_word' id='word_1_90' title='bbox 1371 1425 1675 1498; x_wconf 88' lang='lat' dir='ltr'>dicuntur</span> <span class='ocrx_word' id='word_1_91' title='bbox 1695 1428 1905 1505; x_wconf 72' lang='lat' dir='ltr'>‚cum</span> <span class='ocrx_word' id='word_1_92' title='bbox 1932 1428 2031 1504; x_wconf 93' lang='lat' dir='ltr'>ibi</span> <span class='ocrx_word' id='word_1_93' title='bbox 2061 1433 2262 1505; x_wconf 85' lang='lat' dir='ltr'>existit</span> <span class='ocrx_word' id='word_1_94' title='bbox 2278 1457 2481 1506; x_wconf 91' lang='lat' dir='ltr'>unum</span> <span class='ocrx_word' id='word_1_95' title='bbox 2502 1487 2525 1521; x_wconf 86' lang='lat'>,</span> <span class='ocrx_word' id='word_1_96' title='bbox 2561 1435 2676 1518; x_wconf 90' lang='lat' dir='ltr'>ubi</span> <span class='ocrx_word' id='word_1_97' title='bbox 2692 1442 2787 1515; x_wconf 80' lang='lat' dir='ltr'>al-</span> 
     </span>
     <span class='ocr_line' id='line_1_13' title="bbox 671 1553 2630 1604; baseline 0.001 -2"><span class='ocrx_word' id='word_1_98' title='bbox 671 1553 908 1602; x_wconf 88' lang='lat' dir='ltr'>terum.</span> <span class='ocrx_word' id='word_1_99' title='bbox 2613 1593 2630 1604; x_wconf 49' lang='lat'>.</span> 
     </span>
    </p>

    <p class='ocr_par' dir='ltr' id='par_1_7' title="bbox 350 1622 2776 2025">
     <span class='ocr_line' id='line_1_14' title="bbox 459 1622 2775 1736; baseline 0.006 -38"><span class='ocrx_word' id='word_1_100' title='bbox 459 1659 526 1706; x_wconf 82' lang='lat'>2.</span> <span class='ocrx_word' id='word_1_101' title='bbox 576 1626 794 1731; x_wconf 77' lang='lat' dir='ltr'>Qd</span> <span class='ocrx_word' id='word_1_102' title='bbox 821 1625 1132 1727; x_wconf 86' lang='lat' dir='ltr'>equidem</span> <span class='ocrx_word' id='word_1_103' title='bbox 1164 1623 1339 1698; x_wconf 89' lang='lat' dir='ltr'>nulla</span> <span class='ocrx_word' id='word_1_104' title='bbox 1408 1622 1839 1725; x_wconf 89' lang='lat' dir='ltr'>ropinquiore</span> <span class='ocrx_word' id='word_1_105' title='bbox 1862 1634 2115 1704; x_wconf 88' lang='lat' dir='ltr'>ratione</span> <span class='ocrx_word' id='word_1_106' title='bbox 2145 1629 2543 1732; x_wconf 82' lang='lat' dir='ltr'>fieri-queat,</span> <span class='ocrx_word' id='word_1_107' title='bbox 2573 1637 2775 1736; x_wconf 64' lang='lat' dir='ltr'>quam</span> 
     </span>
     <span class='ocr_line' id='line_1_15' title="bbox 358 1652 2776 1831; baseline 0.002 -27"><span class='ocrx_word' id='word_1_108' title='bbox 358 1731 409 1804; x_wconf 87' lang='lat' dir='ltr'>fi</span> <span class='ocrx_word' id='word_1_109' title='bbox 452 1734 752 1804; x_wconf 84' lang='lat' dir='ltr'>extremis</span> <span class='ocrx_word' id='word_1_110' title='bbox 776 1725 1071 1830; x_wconf 88' lang='lat' dir='ltr'>partibus</span> <span class='ocrx_word' id='word_1_111' title='bbox 1099 1719 1221 1798; x_wconf 88' lang='lat' dir='ltr'>suis</span> <span class='ocrx_word' id='word_1_112' title='bbox 1244 1779 1266 1813; x_wconf 88' lang='lat'>,</span> <span class='ocrx_word' id='word_1_113' title='bbox 1316 1652 1557 1824; x_wconf 65' lang='lat' dir='ltr'>agique</span> <span class='ocrx_word' id='word_1_114' title='bbox 1586 1727 1779 1801; x_wconf 81' lang='lat' dir='ltr'>ullius</span> <span class='ocrx_word' id='word_1_115' title='bbox 1804 1730 2304 1831; x_wconf 80' lang='lat' dir='ltr'>interpositione</span> <span class='ocrx_word' id='word_1_116' title='bbox 2334 1734 2539 1806; x_wconf 86' lang='lat' dir='ltr'>medii</span> <span class='ocrx_word' id='word_1_117' title='bbox 2576 1781 2599 1817; x_wconf 84' lang='lat'><strong>‚</strong></span> <span class='ocrx_word' id='word_1_118' title='bbox 2627 1735 2776 1810; x_wconf 86' lang='lat' dir='ltr'>sese</span> 
     </span>
     <span class='ocr_line' id='line_1_16' title="bbox 356 1825 2774 1934; baseline 0.002 -30"><span class='ocrx_word' id='word_1_119' title='bbox 356 1837 767 1932; x_wconf 78' lang='lat' dir='ltr'>contingant.</span> <span class='ocrx_word' id='word_1_120' title='bbox 806 1829 1071 1903; x_wconf 62' lang='lat' dir='ltr'>Arcucis</span> <span class='ocrx_word' id='word_1_121' title='bbox 1088 1831 1276 1930; x_wconf 83' lang='lat' dir='ltr'>jungi</span> <span class='ocrx_word' id='word_1_122' title='bbox 1300 1851 1438 1899; x_wconf 92' lang='lat' dir='ltr'>non</span> <span class='ocrx_word' id='word_1_123' title='bbox 1460 1825 1723 1927; x_wconf 78' lang='lat' dir='ltr'>poffiint</span> <span class='ocrx_word' id='word_1_124' title='bbox 1740 1881 1765 1917; x_wconf 89' lang='lat'>‚</span> <span class='ocrx_word' id='word_1_125' title='bbox 1784 1838 2100 1930; x_wconf 89' lang='lat' dir='ltr'>quoniam</span> <span class='ocrx_word' id='word_1_126' title='bbox 2118 1837 2491 1934; x_wconf 88' lang='lat' dir='ltr'>penetratio</span> <span class='ocrx_word' id='word_1_127' title='bbox 2514 1833 2774 1910; x_wconf 87' lang='lat' dir='ltr'>dimen-</span> 
     </span>
     <span class='ocr_line' id='line_1_17' title="bbox 350 1923 1750 2025; baseline -0.01 -19"><span class='ocrx_word' id='word_1_128' title='bbox 350 1929 609 2007; x_wconf 71' lang='lat' dir='ltr'>tionum</span> <span class='ocrx_word' id='word_1_129' title='bbox 643 1955 783 2004; x_wconf 88' lang='lat' dir='ltr'>non</span> <span class='ocrx_word' id='word_1_130' title='bbox 816 1928 1044 2016; x_wconf 85' lang='lat' dir='ltr'>datur,</span> <span class='ocrx_word' id='word_1_131' title='bbox 1079 1923 1200 1999; x_wconf 89' lang='lat' dir='ltr'>Ph.</span> <span class='ocrx_word' id='word_1_132' title='bbox 1225 1953 1324 2025; x_wconf 83' lang='lat'>33.</span> <span class='ocrx_word' id='word_1_133' title='bbox 1349 1941 1465 2021; x_wconf 89' lang='lat'>65.</span> <span class='ocrx_word' id='word_1_134' title='bbox 1742 1985 1750 1992; x_wconf 84' lang='lat'>.</span> 
     </span>
    </p>

    <p class='ocr_par' dir='ltr' id='par_1_8' title="bbox 343 2025 2766 2327">
     <span class='ocr_line' id='line_1_18' title="bbox 368 2025 2766 2131; baseline 0.002 -24"><span class='ocrx_word' id='word_1_135' title='bbox 368 2053 373 2058; x_wconf 83' lang='grc'><strong><em>’</em></strong></span> <span class='ocrx_word' id='word_1_136' title='bbox 454 2060 518 2127; x_wconf 81' lang='lat'>3.</span> <span class='ocrx_word' id='word_1_137' title='bbox 568 2028 905 2131; x_wconf 85' lang='lat' dir='ltr'>Ejusmodi</span> <span class='ocrx_word' id='word_1_138' title='bbox 928 2025 1313 2122; x_wconf 69' lang='lat' dir='ltr'>conjunfflo</span> <span class='ocrx_word' id='word_1_139' title='bbox 1348 2051 1489 2100; x_wconf 90' lang='lat' dir='ltr'>non</span> <span class='ocrx_word' id='word_1_140' title='bbox 1523 2028 1740 2104; x_wconf 72' lang='lat' dir='ltr'>modo</span> <span class='ocrx_word' id='word_1_141' title='bbox 1773 2054 1843 2102; x_wconf 89' lang='lat' dir='ltr'>re</span> <span class='ocrx_word' id='word_1_142' title='bbox 1892 2038 2093 2106; x_wconf 87' lang='lat' dir='ltr'>eritur</span> <span class='ocrx_word' id='word_1_143' title='bbox 2121 2038 2191 2106; x_wconf 91' lang='lat' dir='ltr'>in</span> <span class='ocrx_word' id='word_1_144' title='bbox 2229 2031 2406 2108; x_wconf 86' lang='lat' dir='ltr'>duris</span> <span class='ocrx_word' id='word_1_145' title='bbox 2425 2061 2503 2108; x_wconf 89' lang='lat' dir='ltr'>ac</span> <span class='ocrx_word' id='word_1_146' title='bbox 2523 2036 2766 2113; x_wconf 83' lang='lat' dir='ltr'>stabili-</span> 
     </span>
     <span class='ocr_line' id='line_1_19' title="bbox 346 2125 2762 2233; baseline 0.005 -28"><span class='ocrx_word' id='word_1_147' title='bbox 346 2125 468 2207; x_wconf 75' lang='lat' dir='ltr'>bus</span> <span class='ocrx_word' id='word_1_148' title='bbox 488 2131 883 2233; x_wconf 86' lang='lat' dir='ltr'>corporibus</span> <span class='ocrx_word' id='word_1_149' title='bbox 901 2183 925 2218; x_wconf 88' lang='lat'>‚</span> <span class='ocrx_word' id='word_1_150' title='bbox 951 2130 1181 2204; x_wconf 71' lang='lat' dir='ltr'>verum</span> <span class='ocrx_word' id='word_1_151' title='bbox 1207 2134 1404 2201; x_wconf 84' lang='lat' dir='ltr'>etiam</span> <span class='ocrx_word' id='word_1_152' title='bbox 1422 2133 1490 2200; x_wconf 91' lang='lat' dir='ltr'>in</span> <span class='ocrx_word' id='word_1_153' title='bbox 1511 2129 1739 2205; x_wconf 86' lang='lat' dir='ltr'>fluidis</span> <span class='ocrx_word' id='word_1_154' title='bbox 1759 2140 1830 2204; x_wconf 90' lang='lat'>&amp;</span> <span class='ocrx_word' id='word_1_155' title='bbox 1882 2134 2150 2232; x_wconf 74' lang='lat' dir='ltr'>‘quidisz</span> <span class='ocrx_word' id='word_1_156' title='bbox 2181 2138 2323 2211; x_wconf 70' lang='lat' dir='ltr'>imo</span> <span class='ocrx_word' id='word_1_157' title='bbox 2343 2134 2762 2216; x_wconf 65' lang='lat' dir='ltr'>stabilianum</span> 
     </span>
     <span class='ocr_line' id='line_1_20' title="bbox 343 2227 1767 2327; baseline -0.004 -21"><span class='ocrx_word' id='word_1_158' title='bbox 343 2232 562 2306; x_wconf 88' lang='lat' dir='ltr'>fluidis</span> <span class='ocrx_word' id='word_1_159' title='bbox 580 2233 865 2305; x_wconf 86' lang='lat' dir='ltr'>eundem</span> <span class='ocrx_word' id='word_1_160' title='bbox 881 2235 949 2299; x_wconf 84' lang='lat' dir='ltr'>in</span> <span class='ocrx_word' id='word_1_161' title='bbox 968 2227 1248 2299; x_wconf 89' lang='lat' dir='ltr'>modum</span> <span class='ocrx_word' id='word_1_162' title='bbox 1279 2228 1767 2327; x_wconf 81' lang='lat' dir='ltr'>permiscentur.</span> 
     </span>
    </p>

    <p class='ocr_par' dir='ltr' id='par_1_9' title="bbox 347 2327 2759 2624">
     <span class='ocr_line' id='line_1_21' title="bbox 448 2327 2759 2433; baseline 0.004 -32"><span class='ocrx_word' id='word_1_163' title='bbox 448 2361 520 2420; x_wconf 85' lang='lat'>4.</span> <span class='ocrx_word' id='word_1_164' title='bbox 560 2334 764 2401; x_wconf 86' lang='lat' dir='ltr'>Exem</span> <span class='ocrx_word' id='word_1_165' title='bbox 816 2329 877 2398; x_wconf 89' lang='lat' dir='ltr'>la</span> <span class='ocrx_word' id='word_1_166' title='bbox 895 2332 1089 2425; x_wconf 87' lang='lat' dir='ltr'>primi</span> <span class='ocrx_word' id='word_1_167' title='bbox 1108 2329 1364 2425; x_wconf 88' lang='lat' dir='ltr'>generis</span> <span class='ocrx_word' id='word_1_168' title='bbox 1380 2379 1399 2411; x_wconf 88' lang='lat'><strong>,</strong></span> <span class='ocrx_word' id='word_1_169' title='bbox 1428 2327 1652 2401; x_wconf 86' lang='lat' dir='ltr'>saltem</span> <span class='ocrx_word' id='word_1_170' title='bbox 1680 2327 1908 2425; x_wconf 88' lang='lat' dir='ltr'>quoad</span> <span class='ocrx_word' id='word_1_171' title='bbox 1935 2328 2228 2408; x_wconf 90' lang='lat' dir='ltr'>sensuum</span> <span class='ocrx_word' id='word_1_172' title='bbox 2253 2334 2573 2433; x_wconf 86' lang='lat' dir='ltr'>judicium</span> <span class='ocrx_word' id='word_1_173' title='bbox 2597 2392 2621 2426; x_wconf 88' lang='lat'>,</span> <span class='ocrx_word' id='word_1_174' title='bbox 2640 2339 2759 2412; x_wconf 82' lang='lat' dir='ltr'>ha-</span> 
     </span>
     <span class='ocr_line' id='line_1_22' title="bbox 347 2423 2755 2531; baseline 0.006 -36"><span class='ocrx_word' id='word_1_175' title='bbox 347 2424 468 2498; x_wconf 92' lang='lat' dir='ltr'>bes</span> <span class='ocrx_word' id='word_1_176' title='bbox 500 2425 661 2497; x_wconf 88' lang='lat' dir='ltr'>dum</span> <span class='ocrx_word' id='word_1_177' title='bbox 694 2425 756 2495; x_wconf 87' lang='lat' dir='ltr'>la</span> <span class='ocrx_word' id='word_1_178' title='bbox 808 2430 866 2496; x_wconf 86' lang='lat' dir='ltr'>ia</span> <span class='ocrx_word' id='word_1_179' title='bbox 899 2428 1276 2524; x_wconf 85' lang='lat' dir='ltr'>comprimis</span> <span class='ocrx_word' id='word_1_180' title='bbox 1298 2470 1320 2504; x_wconf 85' lang='lat'>,</span> <span class='ocrx_word' id='word_1_181' title='bbox 1356 2425 1537 2525; x_wconf 88' lang='lat' dir='ltr'>ligno</span> <span class='ocrx_word' id='word_1_182' title='bbox 1579 2428 1841 2501; x_wconf 87' lang='lat' dir='ltr'>clavum</span> <span class='ocrx_word' id='word_1_183' title='bbox 1874 2430 2091 2531; x_wconf 88' lang='lat' dir='ltr'>infigis</span> <span class='ocrx_word' id='word_1_184' title='bbox 2123 2484 2146 2513; x_wconf 88' lang='lat'><em>,</em></span> <span class='ocrx_word' id='word_1_185' title='bbox 2185 2457 2372 2507; x_wconf 82' lang='lat' dir='ltr'>terrae</span> <span class='ocrx_word' id='word_1_186' title='bbox 2402 2423 2755 2526; x_wconf 83' lang='lat' dir='ltr'>arborem,</span> 
     </span>
     <span class='ocr_line' id='line_1_23' title="bbox 347 2520 2576 2624; baseline 0 -29"><span class='ocrx_word' id='word_1_187' title='bbox 347 2522 573 2597; x_wconf 84' lang='lat' dir='ltr'>arbori</span> <span class='ocrx_word' id='word_1_188' title='bbox 591 2521 912 2595; x_wconf 89' lang='lat' dir='ltr'>surculum</span> <span class='ocrx_word' id='word_1_189' title='bbox 934 2520 1158 2593; x_wconf 73' lang='lat' dir='ltr'>inseris</span> <span class='ocrx_word' id='word_1_190' title='bbox 1178 2574 1201 2605; x_wconf 90' lang='lat'>‚</span> <span class='ocrx_word' id='word_1_191' title='bbox 1233 2523 1421 2620; x_wconf 82' lang='lat' dir='ltr'>agros</span> <span class='ocrx_word' id='word_1_192' title='bbox 1440 2524 1739 2598; x_wconf 86' lang='lat' dir='ltr'>confines</span> <span class='ocrx_word' id='word_1_193' title='bbox 1767 2525 2061 2624; x_wconf 86' lang='lat' dir='ltr'>adspicis.</span> <span class='ocrx_word' id='word_1_194' title='bbox 2499 2592 2502 2593; x_wconf 21' lang='lat' dir='ltr'><em>f</em></span> <span class='ocrx_word' id='word_1_195' title='bbox 2573 2588 2576 2595; x_wconf 91' lang='lat'>.</span> 
     </span>
    </p>

    <p class='ocr_par' dir='ltr' id='par_1_10' title="bbox 322 2621 2757 3227">
     <span class='ocr_line' id='line_1_24' title="bbox 447 2621 2757 2723; baseline 0.003 -27"><span class='ocrx_word' id='word_1_196' title='bbox 447 2644 512 2719; x_wconf 89' lang='lat'>5.</span> <span class='ocrx_word' id='word_1_197' title='bbox 561 2623 842 2694; x_wconf 87' lang='lat' dir='ltr'>Alterius</span> <span class='ocrx_word' id='word_1_198' title='bbox 861 2628 1112 2723; x_wconf 88' lang='lat' dir='ltr'>generis</span> <span class='ocrx_word' id='word_1_199' title='bbox 1129 2621 1419 2719; x_wconf 87' lang='lat' dir='ltr'>exempla</span> <span class='ocrx_word' id='word_1_200' title='bbox 1436 2630 1647 2694; x_wconf 85' lang='lat' dir='ltr'>cernis</span> <span class='ocrx_word' id='word_1_201' title='bbox 1663 2672 1686 2707; x_wconf 87' lang='lat'><em>,</em></span> <span class='ocrx_word' id='word_1_202' title='bbox 1710 2627 1971 2719; x_wconf 75' lang='lat' dir='ltr'>quoties</span> <span class='ocrx_word' id='word_1_203' title='bbox 1987 2625 2203 2721; x_wconf 90' lang='lat' dir='ltr'>plures</span> <span class='ocrx_word' id='word_1_204' title='bbox 2219 2623 2504 2720; x_wconf 82' lang='lat' dir='ltr'>ejusdem</span> <span class='ocrx_word' id='word_1_205' title='bbox 2523 2630 2632 2715; x_wconf 81' lang='lat' dir='ltr'>vel</span> <span class='ocrx_word' id='word_1_206' title='bbox 2652 2630 2757 2702; x_wconf 88' lang='lat' dir='ltr'>di-</span> 
     </span>
     <span class='ocr_line' id='line_1_25' title="bbox 338 2715 2750 2826; baseline 0.002 -27"><span class='ocrx_word' id='word_1_207' title='bbox 338 2722 501 2800; x_wconf 83' lang='lat' dir='ltr'>verfi</span> <span class='ocrx_word' id='word_1_208' title='bbox 526 2727 781 2826; x_wconf 88' lang='lat' dir='ltr'>generis</span> <span class='ocrx_word' id='word_1_209' title='bbox 802 2721 1088 2819; x_wconf 80' lang='lat' dir='ltr'>liquores</span> <span class='ocrx_word' id='word_1_210' title='bbox 1112 2715 1484 2793; x_wconf 89' lang='lat' dir='ltr'>confundis.</span> <span class='ocrx_word' id='word_1_211' title='bbox 1541 2722 1640 2795; x_wconf 82' lang='lat' dir='ltr'>Ut</span> <span class='ocrx_word' id='word_1_212' title='bbox 1671 2726 1939 2792; x_wconf 89' lang='lat' dir='ltr'>enimin</span> <span class='ocrx_word' id='word_1_213' title='bbox 1973 2720 2195 2795; x_wconf 88' lang='lat' dir='ltr'>multis</span> <span class='ocrx_word' id='word_1_214' title='bbox 2229 2721 2384 2822; x_wconf 86' lang='lat' dir='ltr'>ligni</span> <span class='ocrx_word' id='word_1_215' title='bbox 2469 2732 2608 2799; x_wconf 23' lang='lat' dir='ltr'>oris.</span> <span class='ocrx_word' id='word_1_216' title='bbox 2637 2754 2750 2804; x_wconf 87' lang='lat' dir='ltr'>aut</span> 
     </span>
     <span class='ocr_line' id='line_1_26' title="bbox 337 2752 2747 2926; baseline -0.004 -29"><span class='ocrx_word' id='word_1_217' title='bbox 337 2822 771 2899; x_wconf 84' lang='lat' dir='ltr'>foraminibus</span> <span class='ocrx_word' id='word_1_218' title='bbox 792 2819 979 2905; x_wconf 86' lang='lat' dir='ltr'>multi</span> <span class='ocrx_word' id='word_1_219' title='bbox 999 2845 1075 2893; x_wconf 81' lang='lat' dir='ltr'>ex</span> <span class='ocrx_word' id='word_1_220' title='bbox 1094 2816 1272 2893; x_wconf 86' lang='lat' dir='ltr'>serto</span> <span class='ocrx_word' id='word_1_221' title='bbox 1292 2817 1452 2895; x_wconf 78' lang='lat' dir='ltr'>clavi</span> <span class='ocrx_word' id='word_1_222' title='bbox 1467 2816 1821 2894; x_wconf 78' lang='lat' dir='ltr'>in&#39;haerent:</span> <span class='ocrx_word' id='word_1_223' title='bbox 1855 2825 1948 2893; x_wconf 91' lang='lat' dir='ltr'>ita</span> <span class='ocrx_word' id='word_1_224' title='bbox 1966 2826 2032 2892; x_wconf 89' lang='lat' dir='ltr'>in</span> <span class='ocrx_word' id='word_1_225' title='bbox 2055 2820 2353 2923; x_wconf 82' lang='lat' dir='ltr'>plurimis</span> <span class='ocrx_word' id='word_1_226' title='bbox 2378 2752 2643 2926; x_wconf 61' lang='lat' dir='ltr'>aficujus</span> <span class='ocrx_word' id='word_1_227' title='bbox 2660 2828 2747 2900; x_wconf 57' lang='lat' dir='ltr'>li.</span> 
     </span>
     <span class='ocr_line' id='line_1_27' title="bbox 337 2919 2744 3025; baseline 0.001 -26"><span class='ocrx_word' id='word_1_228' title='bbox 337 2928 564 3025; x_wconf 81' lang='lat' dir='ltr'>quoris</span> <span class='ocrx_word' id='word_1_229' title='bbox 592 2922 919 2997; x_wconf 89' lang='lat' dir='ltr'>meatibus</span> <span class='ocrx_word' id='word_1_230' title='bbox 949 2921 1209 2993; x_wconf 84' lang='lat' dir='ltr'>alterius</span> <span class='ocrx_word' id='word_1_231' title='bbox 1250 2919 1483 2995; x_wconf 85' lang='lat' dir='ltr'>diverfi</span> <span class='ocrx_word' id='word_1_232' title='bbox 1510 2921 1785 3021; x_wconf 86' lang='lat' dir='ltr'>liquoris</span> <span class='ocrx_word' id='word_1_233' title='bbox 1811 2921 2107 3023; x_wconf 83' lang='lat' dir='ltr'>plurimae</span> <span class='ocrx_word' id='word_1_234' title='bbox 2143 2927 2470 3024; x_wconf 86' lang='lat' dir='ltr'>particulae</span> <span class='ocrx_word' id='word_1_235' title='bbox 2501 2927 2744 3003; x_wconf 89' lang='lat' dir='ltr'>discur-</span> 
     </span>
     <span class='ocr_line' id='line_1_28' title="bbox 322 3020 2754 3121; baseline 0.002 -23"><span class='ocrx_word' id='word_1_236' title='bbox 322 3026 506 3099; x_wconf 71' lang='lat' dir='ltr'>runt.</span> <span class='ocrx_word' id='word_1_237' title='bbox 570 3028 762 3099; x_wconf 89' lang='lat' dir='ltr'>Licet</span> <span class='ocrx_word' id='word_1_238' title='bbox 793 3021 887 3097; x_wconf 91' lang='lat' dir='ltr'>ob</span> <span class='ocrx_word' id='word_1_239' title='bbox 917 3044 1257 3094; x_wconf 64' lang='lat' dir='ltr'>vmeatuum</span> <span class='ocrx_word' id='word_1_240' title='bbox 1291 3020 1646 3121; x_wconf 83' lang='lat' dir='ltr'>angustiam</span> <span class='ocrx_word' id='word_1_241' title='bbox 1682 3034 1753 3096; x_wconf 88' lang='lat'>&amp;</span> <span class='ocrx_word' id='word_1_242' title='bbox 1831 3023 2242 3096; x_wconf 87' lang='lat' dir='ltr'>articulatum</span> <span class='ocrx_word' id='word_1_243' title='bbox 2278 3030 2754 3101; x_wconf 82' lang='lat' dir='ltr'>immeantium.</span> 
     </span>
     <span class='ocr_line' id='line_1_29' title="bbox 327 3049 2683 3227; baseline 0.001 -30"><span class='ocrx_word' id='word_1_244' title='bbox 327 3130 736 3227; x_wconf 84' lang='lat' dir='ltr'>exiguitatem</span> <span class='ocrx_word' id='word_1_245' title='bbox 753 3177 777 3212; x_wconf 90' lang='lat'>,</span> <span class='ocrx_word' id='word_1_246' title='bbox 816 3121 1163 3197; x_wconf 84' lang='lat' dir='ltr'>oculorum</span> <span class='ocrx_word' id='word_1_247' title='bbox 1184 3117 1358 3194; x_wconf 84' lang='lat' dir='ltr'>sensu</span> <span class='ocrx_word' id='word_1_248' title='bbox 1378 3123 1493 3193; x_wconf 88' lang='lat' dir='ltr'>ista</span> <span class='ocrx_word' id='word_1_249' title='bbox 1513 3149 1650 3195; x_wconf 89' lang='lat' dir='ltr'>non</span> <span class='ocrx_word' id='word_1_250' title='bbox 1676 3049 2154 3209; x_wconf 43' lang='lat' dir='ltr'>difamantur,</span> <span class='ocrx_word' id='word_1_251' title='bbox 2185 3122 2308 3196; x_wconf 86' lang='lat' dir='ltr'>Pb.</span> <span class='ocrx_word' id='word_1_252' title='bbox 2328 3152 2452 3223; x_wconf 82' lang='lat'>271</span> <span class='ocrx_word' id='word_1_253' title='bbox 2470 3178 2490 3201; x_wconf 95' lang='lat'>.</span> <span class='ocrx_word' id='word_1_254' title='bbox 2517 3155 2552 3225; x_wconf 12' lang='lat'>3.</span> <span class='ocrx_word' id='word_1_255' title='bbox 2570 3154 2683 3217; x_wconf 86' lang='lat'>29.</span> 
     </span>
    </p>

    <p class='ocr_par' dir='ltr' id='par_1_11' title="bbox 311 3221 2759 3825">
     <span class='ocr_line' id='line_1_30' title="bbox 427 3221 2733 3325; baseline 0.002 -30"><span class='ocrx_word' id='word_1_256' title='bbox 427 3238 493 3295; x_wconf 88' lang='lat'>6.</span> <span class='ocrx_word' id='word_1_257' title='bbox 546 3224 856 3325; x_wconf 80' lang='lat' dir='ltr'>Exempla</span> <span class='ocrx_word' id='word_1_258' title='bbox 887 3229 1057 3296; x_wconf 85' lang='lat' dir='ltr'>tertii</span> <span class='ocrx_word' id='word_1_259' title='bbox 1132 3226 1337 3295; x_wconf 89' lang='lat' dir='ltr'>eneris</span> <span class='ocrx_word' id='word_1_260' title='bbox 1370 3221 1709 3295; x_wconf 82' lang='lat' dir='ltr'>considera</span> <span class='ocrx_word' id='word_1_261' title='bbox 1736 3229 1811 3296; x_wconf 91' lang='lat' dir='ltr'>in</span> <span class='ocrx_word' id='word_1_262' title='bbox 1846 3221 2023 3296; x_wconf 84' lang='lat' dir='ltr'>fetro</span> <span class='ocrx_word' id='word_1_263' title='bbox 2054 3226 2266 3323; x_wconf 90' lang='lat' dir='ltr'>ignito</span> <span class='ocrx_word' id='word_1_264' title='bbox 2312 3278 2334 3312; x_wconf 89' lang='lat'>,</span> <span class='ocrx_word' id='word_1_265' title='bbox 2400 3237 2433 3316; x_wconf 70' lang='grc' dir='ltr'>ζ</span> <span class='ocrx_word' id='word_1_266' title='bbox 2472 3232 2733 3314; x_wconf 80' lang='lat' dir='ltr'>Ferrum</span> 
     </span>
     <span class='ocr_line' id='line_1_31' title="bbox 323 3319 2759 3426; baseline 0.001 -32"><span class='ocrx_word' id='word_1_267' title='bbox 323 3327 569 3425; x_wconf 86' lang='lat' dir='ltr'>quippe</span> <span class='ocrx_word' id='word_1_268' title='bbox 598 3349 737 3397; x_wconf 91' lang='lat' dir='ltr'>non</span> <span class='ocrx_word' id='word_1_269' title='bbox 755 3348 899 3399; x_wconf 86' lang='lat' dir='ltr'>tota</span> <span class='ocrx_word' id='word_1_270' title='bbox 911 3321 1016 3396; x_wconf 77' lang='lat' dir='ltr'>sua</span> <span class='ocrx_word' id='word_1_271' title='bbox 1034 3320 1102 3397; x_wconf 91' lang='lat' dir='ltr'>su</span> <span class='ocrx_word' id='word_1_272' title='bbox 1152 3324 1378 3395; x_wconf 85' lang='lat' dir='ltr'>stantia</span> <span class='ocrx_word' id='word_1_273' title='bbox 1393 3327 1608 3421; x_wconf 88' lang='lat' dir='ltr'>ignem</span> <span class='ocrx_word' id='word_1_274' title='bbox 1637 3321 1802 3403; x_wconf 82' lang='lat' dir='ltr'>effe,-</span> <span class='ocrx_word' id='word_1_275' title='bbox 1823 3319 2048 3395; x_wconf 84' lang='lat' dir='ltr'>sedin</span> <span class='ocrx_word' id='word_1_276' title='bbox 2087 3329 2213 3399; x_wconf 85' lang='lat' dir='ltr'>oris</span> <span class='ocrx_word' id='word_1_277' title='bbox 2233 3325 2489 3410; x_wconf 69' lang='lat' dir='ltr'>tantum</span> <span class='ocrx_word' id='word_1_278' title='bbox 2503 3332 2759 3426; x_wconf 81' lang='lat' dir='ltr'>ignem.</span> 
     </span>
     <span class='ocr_line' id='line_1_32' title="bbox 320 3419 2735 3528; baseline 0 -30"><span class='ocrx_word' id='word_1_279' title='bbox 320 3429 703 3510; x_wconf 87' lang='lat' dir='ltr'>continete,</span> <span class='ocrx_word' id='word_1_280' title='bbox 743 3419 1004 3515; x_wconf 76' lang='lat' dir='ltr'>Physica</span> <span class='ocrx_word' id='word_1_281' title='bbox 1039 3429 1371 3495; x_wconf 88' lang='lat' dir='ltr'>neminem</span> <span class='ocrx_word' id='word_1_282' title='bbox 1398 3426 1698 3522; x_wconf 87' lang='lat' dir='ltr'>ignorare</span> <span class='ocrx_word' id='word_1_283' title='bbox 1732 3422 1990 3518; x_wconf 86' lang='lat' dir='ltr'>finunt)</span> <span class='ocrx_word' id='word_1_284' title='bbox 2049 3423 2297 3528; x_wconf 71' lang='lat' dir='ltr'>pungia</span> <span class='ocrx_word' id='word_1_285' title='bbox 2330 3427 2515 3523; x_wconf 84' lang='lat' dir='ltr'>aquis</span> <span class='ocrx_word' id='word_1_286' title='bbox 2533 3432 2735 3497; x_wconf 88' lang='lat' dir='ltr'>intin-</span> 
     </span>
     <span class='ocr_line' id='line_1_33' title="bbox 319 3520 2725 3624; baseline -0.001 -25"><span class='ocrx_word' id='word_1_287' title='bbox 319 3530 429 3599; x_wconf 67' lang='lat' dir='ltr'>&amp;a</span> <span class='ocrx_word' id='word_1_288' title='bbox 452 3575 476 3612; x_wconf 86' lang='lat'><strong>‚</strong></span> <span class='ocrx_word' id='word_1_289' title='bbox 512 3528 671 3596; x_wconf 89' lang='lat' dir='ltr'>item</span> <span class='ocrx_word' id='word_1_290' title='bbox 691 3528 760 3595; x_wconf 92' lang='lat' dir='ltr'>in</span> <span class='ocrx_word' id='word_1_291' title='bbox 780 3546 1148 3596; x_wconf 76' lang='lat' dir='ltr'>atramento</span> <span class='ocrx_word' id='word_1_292' title='bbox 1164 3576 1187 3610; x_wconf 85' lang='lat'>,</span> <span class='ocrx_word' id='word_1_293' title='bbox 1217 3520 1407 3623; x_wconf 88' lang='lat' dir='ltr'>quod</span> <span class='ocrx_word' id='word_1_294' title='bbox 1424 3520 1748 3594; x_wconf 82' lang='lat' dir='ltr'>stabilium</span> <span class='ocrx_word' id='word_1_295' title='bbox 1766 3520 2295 3624; x_wconf 48' lang='lat' dir='ltr'>corpusculorum</span> <span class='ocrx_word' id='word_1_296' title='bbox 2324 3524 2588 3624; x_wconf 87' lang='lat' dir='ltr'>pulvere</span> <span class='ocrx_word' id='word_1_297' title='bbox 2617 3528 2725 3596; x_wconf 88' lang='lat' dir='ltr'>in·</span> 
     </span>
     <span class='ocr_line' id='line_1_34' title="bbox 317 3620 2720 3727; baseline 0.001 -30"><span class='ocrx_word' id='word_1_298' title='bbox 317 3621 598 3727; x_wconf 79' lang='lat' dir='ltr'>spetsum</span> <span class='ocrx_word' id='word_1_299' title='bbox 621 3620 857 3697; x_wconf 79' lang='lat' dir='ltr'>chattae</span> <span class='ocrx_word' id='word_1_300' title='bbox 885 3620 1150 3694; x_wconf 79' lang='lat' dir='ltr'>iliinitur</span> <span class='ocrx_word' id='word_1_301' title='bbox 1174 3676 1201 3715; x_wconf 67' lang='lat'><em>2</em></span> <span class='ocrx_word' id='word_1_302' title='bbox 1228 3633 1299 3697; x_wconf 76' lang='grc' dir='ltr'>δι</span> <span class='ocrx_word' id='word_1_303' title='bbox 1329 3625 1569 3720; x_wconf 90' lang='lat' dir='ltr'>partim</span> <span class='ocrx_word' id='word_1_304' title='bbox 1601 3624 1877 3719; x_wconf 90' lang='lat' dir='ltr'>quidem</span> <span class='ocrx_word' id='word_1_305' title='bbox 1912 3631 2049 3720; x_wconf 82' lang='lat' dir='ltr'>ejus</span> <span class='ocrx_word' id='word_1_306' title='bbox 2087 3648 2293 3723; x_wconf 91' lang='lat' dir='ltr'>poros</span> <span class='ocrx_word' id='word_1_307' title='bbox 2322 3622 2720 3725; x_wconf 85' lang='lat' dir='ltr'>ingreditur,</span> 
     </span>
     <span class='ocr_line' id='line_1_35' title="bbox 311 3718 2376 3825; baseline -0.003 -28"><span class='ocrx_word' id='word_1_308' title='bbox 311 3730 552 3825; x_wconf 87' lang='lat' dir='ltr'>partim</span> <span class='ocrx_word' id='word_1_309' title='bbox 586 3726 907 3797; x_wconf 85' lang='lat' dir='ltr'>exteriore</span> <span class='ocrx_word' id='word_1_310' title='bbox 941 3718 1272 3821; x_wconf 84' lang='lat' dir='ltr'>superficie</span> <span class='ocrx_word' id='word_1_311' title='bbox 1303 3721 1502 3794; x_wconf 56' lang='lat' dir='ltr'>haeret</span> <span class='ocrx_word' id='word_1_312' title='bbox 1526 3766 1550 3799; x_wconf 82' lang='lat'>‚</span> <span class='ocrx_word' id='word_1_313' title='bbox 1586 3720 1954 3820; x_wconf 73' lang='lat' dir='ltr'>Ph.&#39;261.3</span> <span class='ocrx_word' id='word_1_314' title='bbox 1983 3722 2088 3818; x_wconf 85' lang='lat'>²7·</span> <span class='ocrx_word' id='word_1_315' title='bbox 2117 3722 2123 3729; x_wconf 84' lang='lat'>&#39;</span> <span class='ocrx_word' id='word_1_316' title='bbox 2175 3732 2200 3740; x_wconf 77' lang='grc'>”</span> <span class='ocrx_word' id='word_1_317' title='bbox 2369 3724 2376 3729; x_wconf 88' lang='grc'><em>’</em></span> 
     </span>
    </p>

    <p class='ocr_par' dir='ltr' id='par_1_12' title="bbox 406 3822 2810 3924">
     <span class='ocr_line' id='line_1_36' title="bbox 406 3822 2810 3924; baseline 0.001 -29"><span class='ocrx_word' id='word_1_318' title='bbox 406 3851 474 3923; x_wconf 91' lang='lat'>7.</span> <span class='ocrx_word' id='word_1_319' title='bbox 528 3825 893 3924; x_wconf 86' lang='lat' dir='ltr'>Nunquam</span> <span class='ocrx_word' id='word_1_320' title='bbox 920 3848 1079 3923; x_wconf 90' lang='lat' dir='ltr'>ergo</span> <span class='ocrx_word' id='word_1_321' title='bbox 1108 3826 1355 3924; x_wconf 85' lang='lat' dir='ltr'>patitur</span> <span class='ocrx_word' id='word_1_322' title='bbox 1389 3844 1615 3895; x_wconf 89' lang='lat' dir='ltr'>natura</span> <span class='ocrx_word' id='word_1_323' title='bbox 1642 3843 1963 3924; x_wconf 86' lang='lat' dir='ltr'>corporea</span> <span class='ocrx_word' id='word_1_324' title='bbox 1991 3872 2014 3906; x_wconf 90' lang='lat'>,</span> <span class='ocrx_word' id='word_1_325' title='bbox 2052 3844 2198 3918; x_wconf 83' lang='lat' dir='ltr'>quae</span> <span class='ocrx_word' id='word_1_326' title='bbox 2238 3822 2310 3891; x_wconf 91' lang='lat' dir='ltr'>in</span> <span class='ocrx_word' id='word_1_327' title='bbox 2352 3823 2743 3901; x_wconf 75' lang='lat' dir='ltr'>extensione,</span> <span class='ocrx_word' id='word_1_328' title='bbox 2796 3876 2810 3889; x_wconf 64' lang='grc'><strong><em>,</em></strong></span> 
     </span>
    </p>
   </div>
   <div class='ocr_carea' id='block_1_5' title="bbox 304 3918 2731 4089">
    <p class='ocr_par' dir='ltr' id='par_1_13' title="bbox 304 3918 2731 4089">
     <span class='ocr_line' id='line_1_37' title="bbox 304 3918 2731 4089; baseline -0.002 -89"><span class='ocrx_word' id='word_1_329' title='bbox 304 3926 411 4000; x_wconf 77' lang='lat' dir='ltr'>vel</span> <span class='ocrx_word' id='word_1_330' title='bbox 439 3933 725 4031; x_wconf 83' lang='lat' dir='ltr'>partium</span> <span class='ocrx_word' id='word_1_331' title='bbox 756 3922 1034 4005; x_wconf 76' lang='lat' dir='ltr'>aliatum</span> <span class='ocrx_word' id='word_1_332' title='bbox 1054 3945 1234 4035; x_wconf 72' lang='lat' dir='ltr'>extra</span> <span class='ocrx_word' id='word_1_333' title='bbox 1253 3918 1415 3996; x_wconf 85' lang='lat' dir='ltr'>alias</span> <span class='ocrx_word' id='word_1_334' title='bbox 1427 3918 1762 4034; x_wconf 74' lang='lat' dir='ltr'>positione</span> <span class='ocrx_word' id='word_1_335' title='bbox 1786 3918 2112 4033; x_wconf 56' lang='lat' dir='ltr'>consistit.</span> <span class='ocrx_word' id='word_1_336' title='bbox 2144 3942 2216 3998; x_wconf 89' lang='lat' dir='ltr'>ut</span> <span class='ocrx_word' id='word_1_337' title='bbox 2230 3920 2411 4002; x_wconf 84' lang='lat' dir='ltr'>aliter</span> <span class='ocrx_word' id='word_1_338' title='bbox 2421 3951 2510 3997; x_wconf 81' lang='lat' dir='ltr'>ae</span> <span class='ocrx_word' id='word_1_339' title='bbox 2521 3930 2731 4089; x_wconf 32' lang='lat' dir='ltr'>pagi&amp;</span> 
     </span>
    </p>
   </div>
  </div>
 </body>
</html>
