3391 4418
1014 71 1082 160 P
1124 99 1209 158 zu
1265 101 1325 158 Y
1363 97 1421 157 vs
1479 104 1510 161 r
1570 99 1637 161 c·
1684 103 1736 165 A
1850 74 2332 173 x-xvm.
2689 127 2842 211 εις

412 195 713 305 ionum.
750 179 1093 290 ‘Qm'vffs
1128 189 1373 259 Latinis
1401 184 1824 288 scuptoribus
1861 196 2170 292 opacum
2207 200 2437 295 Pomm
2466 223 2850 303 0PP0¹²²²¹¹=
2998 241 3001 245 ’

412 303 612 394 Aprica
640 349 664 377 ‚
705 297 981 460 utfiidem
1004 287 1078 363 sir
1092 282 1280 387 quod
1298 283 1706 366 umbrosum.
1761 297 2040 395 Apricus
2060 299 2240 368 enim
2258 294 2449 372 locus
2468 303 2705 384 dicitur
2728 322 2843 414 qm·

409 399 553 472 Soli
585 421 662 466 ex
719 419 763 464 o
815 411 938 462 tus.
2083 455 2086 458 .

434 501 443 512 ’
511 523 570 588 3.
634 419 884 564 biiatura
906 492 1097 590 opaci
1118 489 1417 587 corporis
1436 488 1740 588 exemplo
1761 491 1979 564 Terrae
1997 489 2192 565 nobis
2212 501 2418 596 magis
2441 505 2789 586 innotescit
2803 567 2830 602 ,

403 592 610 694 quim
630 590 854 664 Lucidi
869 614 982 662 aut
998 587 1313 661 Pellucidi
1337 584 1593 662 effentia
1611 590 1917 688 exemplis
1929 592 2081 666 flam
2091 618 2208 665 mae
2224 603 2293 668 &
2312 597 2490 672 aeris.
2791 625 2806 642 ’

421 777 430 787 ,
501 723 571 785 4.
623 696 1028 791 Praecipuum
1054 689 1211 760 vcro
1228 741 1251 772 ,
1293 688 1480 786 quod
1498 687 1609 760 hic
1628 694 1697 760 in
1719 689 2226 766 controvcrfiarn
2250 704 2428 772 venit
2445 744 2466 779 ‚
2498 699 2662 777 iflud
2684 709 2777 781 est
2793 751 2818 793 ‚

392 816 689 893 quaenam
701 815 932 893 praeter
949 791 1226 860 Terram
1243 791 1310 858 in
1324 781 1648 860 Universo
1666 815 1952 891 corpora
1971 844 1994 879 ,
2016 817 2251 894 magna
2267 799 2357 868 ita
2370 797 2490 873 fint
2503 799 2680 880 facta
2693 862 2715 895 ,
2742 823 2815 884 ut

397 918 609 989 neque
629 892 825 964 radiis
839 885 1172 968 tranfitum
1190 886 1560 960 concedant
1573 943 1594 974 ‚
1615 915 1825 988 neque
1846 890 2014 965 ullos
2030 892 2421 994 producant.

488 1015 552 1086 5.
601 991 786 1065 Talia
802 1013 1026 1070 autem
1042 984 1163 1057 effe
1185 986 1479 1059 Planetas
1493 996 1558 1059 &
1579 990 1948 1064 Cometaszi
1961 996 2170 1091 priori
2185 1001 2254 1065 &
2268 996 2616 1094 posteriori
2639 1000 2812 1098 Phy.

386 1092 516 1165 fica
541 1093 765 1163 nostra
793 1089 1163 1159 commem
1199 1083 1616 1157 demonstrat.
1664 1087 1844 1164 Vide
1876 1099 1943 1163 δε
1981 1095 2304 1194 Logicam
2341 1102 2491 1167 Vct.
2526 1105 2596 1169 ὅ(
2619 1101 2805 1180 Nov.

381 1216 547 1296 part.
577 1218 638 1263 1.
665 1187 889 1287 quaest.
912 1195 1072 1277 164.
1102 1211 1127 1257 1
1145 1196 1260 1271 67.
2789 1247 2794 1254 .

455 1302 552 1361 ,6.
605 1290 717 1360 Ad
752 1300 980 1356 Lunam
1016 1291 1105 1355 im
1159 1286 1332 1354 rimis
1350 1278 1487 1376 haec
1506 1280 1884 1357 transfertur
1901 1289 2203 1384 quaesti03
2244 1287 2420 1362 unde
2437 1289 2521 1363 dc
2540 1293 2802 1395 reliquis

383 1387 673 1463 Planeris
693 1382 896 1455 fimile
923 1383 1001 1456 fit
1014 1311 1358 1480 judicium.

484 1510 555 1572 7.
604 1491 828 1581 Atque
863 1508 1007 1554 eam
1041 1478 1316 1577 quidem
1347 1479 1567 1550 lucem
1589 1480 1931 1578 propriam
1957 1502 2162 1580 atque
2178 1487 2531 1584 ingenitam
2554 1492 2804 1570 nullam

380 1582 628 1658 habere
643 1635 666 1667 ‚
690 1580 845 1654 inde
865 1581 1201 1654 clariffime
1221 1577 1611 1654 ostenditur,
1627 1574 1814 1675 quod
1831 1579 2162 1655 interdu‘m
2180 1605 2321 1655 tota
2334 1592 2798 1685 penitusamir-

382 1709 583 1761 tatur,
598 1683 768 1755 adeo
787 1704 857 1755 ut
872 1705 957 1754 ne
972 1683 1306 1781 vestigium
1327 1676 1593 1776 quidem
1614 1685 1752 1774 ejus
1765 1703 2095 1780 appareat,
2111 1684 2381 1779 quando
2404 1710 2620 1763 tamen
2635 1719 2799 1795 pro.

376 1786 555 1861 xime
591 1789 758 1856 circa
775 1781 999 1856 locum
1013 1788 1150 1879 ejus
1170 1777 1359 1851 stellae
1377 1778 1513 1851 fixae
1533 1797 1782 1877 quartae
1802 1788 1871 1850 &
1894 1784 2142 1877 quintae
2164 1787 2628 1885 magnitudinis
2650 1818 2790 1869 cer.

376 1895 445 1960 ni
485 1881 785 1985 possunt,
824 1905 900 1955 ut
933 1878 1200 1982 suspicio
1223 1876 1344 1969 cali
1396 1876 1557 1951 inofi
1582 1881 1778 1949 nimis
1798 1884 1960 1954 a'e‘ris
1978 1878 2204 1954 locum
2225 1881 2465 1958 habere
2482 1913 2788 1991 nequeat.

375 1983 596 2087 Qod
647 1989 852 2153 {igno
897 2008 923 2055 1
941 1992 1075 2054 620
1112 1978 1221 2052 die
1252 1991 1320 2082 gs
1393 1981 1527 2053 unii
1561 1976 1903 2081 contigiss'e
1933 1981 2252 2082 Keplerus
2283 1986 2541 2062 testatur
2560 2044 2585 2079 ‚
2625 1999 2790 2093 epit..
2897 2011 2909 2022 ·

367 2089 634 2159 Astron.
679 2089 695 2154 i
722 2091 723 2102 ’
755 2132 773 2153 .
796 2093 867 2157 6.
2110 2136 2114 2142 ‚
2721 2109 2727 2124 ³
2765 2138 2774 2167 ;

472 2192 510 2256 8
523 2240 541 2259 .
592 2182 815 2256 Pallor
845 2183 1009 2254 vero
1038 2203 1115 2253 ac
1155 2178 1360 2253 rubor
1375 2177 1571 2249 Lunae
1588 2170 1862 2273 eclipfin
1873 2186 2173 2278 patientis
2191 2211 2271 2261 ex
2288 2186 2503 2288 aliqua
2516 2190 2652 2285 ejus
2665 2218 2786 2269 na..

220 2278 227 2285 ’
372 2288 505 2351 tiva
530 2282 673 2352 lucc
705 2278 1210 2377 haudquaquam
1226 2282 1530 2379 provenit
1547 2303 1572 2360 3
1606 2274 1722 2350 sed
1739 2276 2025 2355 aliunde.
2076 2286 2651 2388 Quandoquidem
2670 2318 2784 2365 m..

372 2376 504 2449 bor
518 2379 630 2449 iste
646 2379 829 2448 tanto
852 2384 1053 2476 magis
1072 2382 1383 2453 minuitur
1397 2384 1724 2472 tantoque
1737 2379 1923 2449 Luna
1932 2384 2178 2479 nigrior
2196 2411 2279 2482 ap
2399 2411 2494 2472 et,
2524 2394 2786 2486 quanto-

370 2474 501 2647 ibpsa
535 2473 848 2641 humiligir
864 2500 939 2546 ac
957 2499 1138 2546 terrae
1153 2476 1588 2577 propinquior
1607 2475 1909 2572 estatque
1921 2477 2272 2577 itaprofun
2326 2490 2418 2556 'us
2430 2508 2616 2560 terrae
2632 2513 2782 2560 um·

576 2598 600 2644 1
694 2598 759 2643 re
834 2595 954 2643 tur.
2627 2625 2632 2632 .

420 2600 560 2765 129¹?
592 2601 849 2747 ἕξιππα
875 2675 1037 2743 item
1070 2669 1259 2767 quod
1297 2675 1368 2741 in
1397 2673 1585 2743 Luna
1614 2668 2022 2743 corniculata
2053 2680 2127 2746 δε
2152 2674 2433 2771 quidem
2451 2682 2518 2749 in
2541 2702 2726 2778 parte
2739 2678 2784 2753 δί

362 2775 520 2853 Sole
536 2768 748 2853 aversa,
772 2766 1169 2871 conspicitur
1185 2812 1208 2848 ‚
1224 2795 1348 2870 pro
1364 2771 1591 2840 nativo
1609 2774 1752 2839 e'us
1764 2770 2035 2840 Lumine
2053 2769 2281 2845 haberi
2304 2777 2530 2875 nequit
2546 2809 2567 2865 3
2601 2804 2777 2876 quo-

360 2884 538 2951 niam
554 2898 694 2946 non
718 2872 810 2943 est
828 2893 1218 2972 perpetuum
1237 2924 1260 2954 ‚
1299 2864 1407 2939 scd
1428 2865 1585 2938 forti
1660 2889 1850 2938 mum
1871 2875 2040 2941 circa
2053 2871 2387 2945 novilunia
2407 2928 2429 2961 ‚
2464 2875 2775 2953 debiliffi·

361 3002 545 3049 mum
566 2980 632 3045 in
652 2970 938 3072 quadris,
956 2977 1124 3069 Qo
1143 2967 1388 3040 indicio
1407 2990 1586 3069 patet
1603 3020 1624 3053 ‚
1653 2964 1875 3040 lumen
1892 2968 2056 3043 illud
2077 2971 2114 3044 ὲ
2131 2970 2305 3045 Solis
2320 2973 2565 3053 radiis&
2586 3001 2781 3056 terrae·

360 3073 692 3177 superficie
714 3076 968 3144 Lunam
987 3065 1201 3151 versus,
1213 3069 1455 3140 reflexis
1472 3092 1887 3166 promanare.

466 3199 572 3246 xo.
624 3177 1022 3244 Haecautem
1063 3171 1217 3240 cum
1246 3167 1330 3238 ab
1364 3166 1503 3237 aliis
1534 3166 1671 3258 jam
1688 3167 1951 3267 pridem
1977 3169 2417 3245 demonstrata
2443 3169 2614 3254 (int,
2646 3179 2764 3276 qm⁸

356 3278 558 3347 etiam
584 3269 859 3345 fimilcm
888 3271 1298 3342 planetarum
1321 3268 1737 3364 'reliquorum
1765 3276 1833 3344 &
1868 3269 2313 3346 cometarum
2326 3269 2446 3344 effe
2461 3298 2790 3353 naturam.

358 3365 649 3447 docuere
664 3402 685 3459 3
717 3395 840 3444 nos
868 3371 1093 3470 potius
1110 3367 1195 3439 ad
1210 3366 1318 3440 illa
1335 3364 1835 3467 progrediemur
1856 3420 1879 3453 ,
1911 3393 2055 3466 quat
2067 3369 2466 3446 Caroefianae
2483 3372 2771 3468 Phyficae

353 3477 478 3575 pro
529 3477 657 3557 ria,
691 3494 904 3570 neque
944 3468 1029 3540 ab
1050 3468 1186 3542 aliis
1205 3471 1477 3541 tractata
1497 3462 1662 3538 sunt.
1714 3465 2159 3545 Fundamenta
2175 3468 2463 3573 specialis
2481 3471 2768 3569 Phyfieae·

356 3583 486 3647 inte
513 3570 772 3673 ligimus
790 3626 811 3653 ,
848 3594 992 3667 quae
1014 3566 1295 3644 rria·sunt
1314 3564 1546 3637 mundi
1566 3561 1826 3640 vifibilis
1835 3568 2187 3646 elementa.
2741 3636 2750 3651 ,

361 3677 368 3683 ’
461 3702 489 3746 1
510 3698 534 3744 1
550 3726 568 3745 .
623 3672 827 3769 Atqui
862 3668 947 3742 de
984 3667 1189 3742 tribus
1208 3665 1452 3742 Mundi
1492 3663 1836 3741 elementis
1863 3694 2022 3743 cum
2048 3696 2202 3746 cura
2220 3675 2350 3755 ,fni
2372 3668 2566 3745 failor
2583 3726 2606 3758 ,
2646 3678 2762 3776 egi

352 3768 537 3871 Phys.
576 3776 819 3845 Contr.
846 3774 913 3850 §-
949 3791 1118 3864 457.
1144 3776 1215 3842 δε
1233 3763 1410 3876 seqq.
1434 3763 1606 3837 adeo
1624 3789 1704 3838 nt
1716 3772 1820 3839 vix
1835 3767 1978 3842 uilo
2042 3795 2222 3844 utem
2240 3798 2410 3874 opuu
2433 3770 2553 3845 effi:
2569 3797 2761 3846 com·

354 3872 693 3947 mentatio.
715 3877 718 3881 ’
753 3871 939 3975 Qa
957 3881 1177 3943 tamen
1195 3868 1306 3944 Cl.
1324 3871 1396 3940 11.
1412 3861 1677 3943 voffius
1695 3865 1953 3945 inlibro
2069 3876 2269 3948 Lucis
2285 3895 2511 3947 natura
2530 3892 2764 4029 capax
