<?xml version="1.0" encoding="UTF-8"?>
<!DOCTYPE html PUBLIC "-//W3C//DTD XHTML 1.0 Transitional//EN"
    "http://www.w3.org/TR/xhtml1/DTD/xhtml1-transitional.dtd">
<html xmlns="http://www.w3.org/1999/xhtml" xml:lang="en" lang="en">
 <head>
  <title>
</title>
<meta http-equiv="Content-Type" content="text/html;charset=utf-8" />
  <meta name='ocr-system' content='tesseract 3.04.00' />
  <meta name='ocr-capabilities' content='ocr_page ocr_carea ocr_par ocr_line ocrx_word'/>
</head>
<body>
  <div class='ocr_page' id='page_1' title='image "./johannisclauber00claugoog_0196.png"; bbox 0 0 3391 4418; ppageno 0'>
   <div class='ocr_carea' id='block_1_1' title="bbox 494 121 3053 4039">
    <p class='ocr_par' dir='ltr' id='par_1_1' title="bbox 494 121 3053 639">
     <span class='ocr_line' id='line_1_1' title="bbox 609 121 2371 233; baseline -0.007 -21"><span class='ocrx_word' id='word_1_1' title='bbox 609 139 772 233; x_wconf 74' lang='lat'>176</span> <span class='ocrx_word' id='word_1_2' title='bbox 1269 121 2371 207; x_wconf 28' lang='lat' dir='ltr'>Drsssrv&#39;rarro</span> 
     </span>
     <span class='ocr_line' id='line_1_2' title="bbox 594 228 3053 336; baseline -0.002 -26"><span class='ocrx_word' id='word_1_3' title='bbox 594 240 1133 321; x_wconf 79' lang='lat' dir='ltr'>convenientem,</span> <span class='ocrx_word' id='word_1_4' title='bbox 1153 257 1227 308; x_wconf 93' lang='lat' dir='ltr'>ut</span> <span class='ocrx_word' id='word_1_5' title='bbox 1245 234 1582 336; x_wconf 86' lang='lat' dir='ltr'>Theologi</span> <span class='ocrx_word' id='word_1_6' title='bbox 1600 258 1832 326; x_wconf 81' lang='lat' dir='ltr'>omnes</span> <span class='ocrx_word' id='word_1_7' title='bbox 1845 254 2114 315; x_wconf 85' lang='lat' dir='ltr'>norunt,</span> <span class='ocrx_word' id='word_1_8' title='bbox 2136 228 2301 329; x_wconf 88' lang='lat' dir='ltr'>quid</span> <span class='ocrx_word' id='word_1_9' title='bbox 2318 246 2809 329; x_wconf 83' lang='lat' dir='ltr'>repugnat‚quo</span> <span class='ocrx_word' id='word_1_10' title='bbox 2826 229 3053 304; x_wconf 76' lang='lat' dir='ltr'>minus</span> 
     </span>
     <span class='ocr_line' id='line_1_3' title="bbox 494 326 3048 437; baseline -0.004 -26"><span class='ocrx_word' id='word_1_11' title='bbox 494 405 509 422; x_wconf 69' lang='grc'><em>,</em></span> <span class='ocrx_word' id='word_1_12' title='bbox 598 344 669 410; x_wconf 87' lang='lat' dir='ltr'>in</span> <span class='ocrx_word' id='word_1_13' title='bbox 683 336 814 437; x_wconf 90' lang='lat' dir='ltr'>ipsa</span> <span class='ocrx_word' id='word_1_14' title='bbox 826 343 1138 409; x_wconf 89' lang='lat' dir='ltr'>continua</span> <span class='ocrx_word' id='word_1_15' title='bbox 1154 362 1369 409; x_wconf 89' lang='lat' dir='ltr'>rerum</span> <span class='ocrx_word' id='word_1_16' title='bbox 1384 349 1502 409; x_wconf 84' lang='lat' dir='ltr'>cor</span> <span class='ocrx_word' id='word_1_17' title='bbox 1550 358 1850 407; x_wconf 82' lang='lat' dir='ltr'>orcarum</span> <span class='ocrx_word' id='word_1_18' title='bbox 1869 334 2236 404; x_wconf 82' lang='lat' dir='ltr'>mutatione</span> <span class='ocrx_word' id='word_1_19' title='bbox 2249 326 2847 402; x_wconf 80' lang='lat' dir='ltr'>immutabilitatem</span> <span class='ocrx_word' id='word_1_20' title='bbox 2866 326 3048 402; x_wconf 81' lang='lat' dir='ltr'>luam&#39;</span> 
     </span>
     <span class='ocr_line' id='line_1_4' title="bbox 602 363 3042 539; baseline -0.004 -27"><span class='ocrx_word' id='word_1_21' title='bbox 602 435 1057 539; x_wconf 74' lang='lat' dir='ltr'>reptaesentet?</span> <span class='ocrx_word' id='word_1_22' title='bbox 1101 436 1429 535; x_wconf 87' lang='lat' dir='ltr'>Equidem</span> <span class='ocrx_word' id='word_1_23' title='bbox 1462 363 1627 507; x_wconf 69' lang='lat' dir='ltr'>illud</span> <span class='ocrx_word' id='word_1_24' title='bbox 1664 460 1805 506; x_wconf 86' lang='lat' dir='ltr'>non</span> <span class='ocrx_word' id='word_1_25' title='bbox 1842 431 2055 504; x_wconf 81' lang='lat' dir='ltr'>modo</span> <span class='ocrx_word' id='word_1_26' title='bbox 2079 457 2220 503; x_wconf 89' lang='lat' dir='ltr'>non</span> <span class='ocrx_word' id='word_1_27' title='bbox 2238 453 2641 531; x_wconf 81' lang='lat' dir='ltr'>repugnare,</span> <span class='ocrx_word' id='word_1_28' title='bbox 2684 423 2795 500; x_wconf 90' lang='lat' dir='ltr'>sed</span> <span class='ocrx_word' id='word_1_29' title='bbox 2816 454 3042 504; x_wconf 83' lang='lat' dir='ltr'>revera.</span> 
     </span>
     <span class='ocr_line' id='line_1_5' title="bbox 602 532 1934 639; baseline -0.005 -28"><span class='ocrx_word' id='word_1_30' title='bbox 602 545 976 639; x_wconf 87' lang='lat' dir='ltr'>quoqueita</span> <span class='ocrx_word' id='word_1_31' title='bbox 990 532 1050 607; x_wconf 90' lang='lat' dir='ltr'>se</span> <span class='ocrx_word' id='word_1_32' title='bbox 1069 534 1312 610; x_wconf 85' lang='lat' dir='ltr'>habere</span> <span class='ocrx_word' id='word_1_33' title='bbox 1332 536 1934 623; x_wconf 83' lang='lat' dir='ltr'>demonstravimus.</span> 
     </span>
    </p>

    <p class='ocr_par' dir='ltr' id='par_1_2' title="bbox 587 631 3038 1842">
     <span class='ocr_line' id='line_1_6' title="bbox 700 631 3037 737; baseline -0.006 -25"><span class='ocrx_word' id='word_1_34' title='bbox 700 662 824 737; x_wconf 87' lang='lat'>43.</span> <span class='ocrx_word' id='word_1_35' title='bbox 875 645 1099 735; x_wconf 87' lang='lat' dir='ltr'>ltaque</span> <span class='ocrx_word' id='word_1_36' title='bbox 1132 663 1272 710; x_wconf 93' lang='lat' dir='ltr'>non</span> <span class='ocrx_word' id='word_1_37' title='bbox 1307 635 1596 710; x_wconf 88' lang='lat' dir='ltr'>tollimus</span> <span class='ocrx_word' id='word_1_38' title='bbox 1629 631 1767 707; x_wconf 87' lang='lat' dir='ltr'>illas</span> <span class='ocrx_word' id='word_1_39' title='bbox 1810 636 2206 704; x_wconf 87' lang='lat' dir='ltr'>mutationes</span> <span class='ocrx_word' id='word_1_40' title='bbox 2224 684 2245 715; x_wconf 91' lang='lat'>,</span> <span class='ocrx_word' id='word_1_41' title='bbox 2282 655 2443 727; x_wconf 83' lang='lat' dir='ltr'>quas</span> <span class='ocrx_word' id='word_1_42' title='bbox 2471 636 2866 729; x_wconf 85' lang='lat' dir='ltr'>experientia</span> <span class='ocrx_word' id='word_1_43' title='bbox 2883 659 3037 732; x_wconf 84' lang='lat' dir='ltr'>per.</span> 
     </span>
     <span class='ocr_line' id='line_1_7' title="bbox 597 730 3035 841; baseline -0.001 -33"><span class='ocrx_word' id='word_1_44' title='bbox 597 736 817 841; x_wconf 70' lang='lat' dir='ltr'>spicue</span> <span class='ocrx_word' id='word_1_45' title='bbox 855 735 998 812; x_wconf 82' lang='lat' dir='ltr'>satis</span> <span class='ocrx_word' id='word_1_46' title='bbox 1034 737 1437 811; x_wconf 87' lang='lat' dir='ltr'>demonstrat</span> <span class='ocrx_word' id='word_1_47' title='bbox 1474 744 1538 808; x_wconf 91' lang='lat' dir='ltr'>in</span> <span class='ocrx_word' id='word_1_48' title='bbox 1571 734 1826 808; x_wconf 88' lang='lat' dir='ltr'>mundo</span> <span class='ocrx_word' id='word_1_49' title='bbox 1846 788 1869 819; x_wconf 84' lang='lat'>‚</span> <span class='ocrx_word' id='word_1_50' title='bbox 1902 730 2182 830; x_wconf 89' lang='lat' dir='ltr'>quasque</span> <span class='ocrx_word' id='word_1_51' title='bbox 2207 730 2338 802; x_wconf 84' lang='lat' dir='ltr'>fine</span> <span class='ocrx_word' id='word_1_52' title='bbox 2361 730 2493 802; x_wconf 89' lang='lat' dir='ltr'>ulla</span> <span class='ocrx_word' id='word_1_53' title='bbox 2517 730 2858 806; x_wconf 84' lang='lat' dir='ltr'>Creatoris</span> <span class='ocrx_word' id='word_1_54' title='bbox 2884 759 3035 805; x_wconf 88' lang='lat' dir='ltr'>mu·-</span> 
     </span>
     <span class='ocr_line' id='line_1_8' title="bbox 599 827 3030 939; baseline -0.004 -26"><span class='ocrx_word' id='word_1_55' title='bbox 599 845 865 931; x_wconf 36' lang='lat' dir='ltr'>tatione·</span> <span class='ocrx_word' id='word_1_56' title='bbox 890 841 1271 939; x_wconf 89' lang='lat' dir='ltr'>contingere</span> <span class='ocrx_word' id='word_1_57' title='bbox 1307 835 1743 939; x_wconf 83' lang='lat' dir='ltr'>intelligimus.</span> <span class='ocrx_word' id='word_1_58' title='bbox 1798 834 1930 908; x_wconf 86' lang='lat' dir='ltr'>Sed</span> <span class='ocrx_word' id='word_1_59' title='bbox 1966 830 2362 904; x_wconf 85' lang='lat' dir='ltr'>affirmamus</span> <span class='ocrx_word' id='word_1_60' title='bbox 2394 838 2461 903; x_wconf 89' lang='lat' dir='ltr'>in</span> <span class='ocrx_word' id='word_1_61' title='bbox 2475 827 2622 928; x_wconf 85' lang='lat' dir='ltr'>ipfis</span> <span class='ocrx_word' id='word_1_62' title='bbox 2635 833 2758 905; x_wconf 87' lang='lat' dir='ltr'>illis</span> <span class='ocrx_word' id='word_1_63' title='bbox 2777 831 3030 930; x_wconf 83' lang='lat' dir='ltr'>aliquid</span> 
     </span>
     <span class='ocr_line' id='line_1_9' title="bbox 599 928 3035 1031; baseline -0.003 -20"><span class='ocrx_word' id='word_1_64' title='bbox 599 940 856 1013; x_wconf 83' lang='lat' dir='ltr'>elucere</span> <span class='ocrx_word' id='word_1_65' title='bbox 876 938 1110 1011; x_wconf 84' lang='lat' dir='ltr'>divinae</span> <span class='ocrx_word' id='word_1_66' title='bbox 1128 935 1673 1011; x_wconf 83' lang='lat' dir='ltr'>immutabilitatis</span> <span class='ocrx_word' id='word_1_67' title='bbox 1687 987 1709 1017; x_wconf 89' lang='lat'>,</span> <span class='ocrx_word' id='word_1_68' title='bbox 1734 943 1806 1008; x_wconf 84' lang='lat'>&amp;</span> <span class='ocrx_word' id='word_1_69' title='bbox 1830 958 2131 1008; x_wconf 88' lang='lat' dir='ltr'>cavemus</span> <span class='ocrx_word' id='word_1_70' title='bbox 2149 928 2345 1003; x_wconf 85' lang='lat' dir='ltr'>nobis</span> <span class='ocrx_word' id='word_1_71' title='bbox 2365 984 2387 1015; x_wconf 87' lang='lat'>‚</span> <span class='ocrx_word' id='word_1_72' title='bbox 2416 956 2498 1001; x_wconf 89' lang='lat' dir='ltr'>ne</span> <span class='ocrx_word' id='word_1_73' title='bbox 2522 956 2680 1028; x_wconf 87' lang='lat' dir='ltr'>quas</span> <span class='ocrx_word' id='word_1_74' title='bbox 2696 932 2847 1003; x_wconf 85' lang='lat' dir='ltr'>alias</span> <span class='ocrx_word' id='word_1_75' title='bbox 2863 958 3035 1031; x_wconf 78' lang='lat' dir='ltr'>pra:-</span> 
     </span>
     <span class='ocr_line' id='line_1_10' title="bbox 602 1035 3028 1138; baseline -0.003 -26"><span class='ocrx_word' id='word_1_76' title='bbox 602 1064 780 1112; x_wconf 88' lang='lat' dir='ltr'>terea</span> <span class='ocrx_word' id='word_1_77' title='bbox 799 1046 865 1112; x_wconf 89' lang='lat' dir='ltr'>in</span> <span class='ocrx_word' id='word_1_78' title='bbox 882 1049 1021 1136; x_wconf 82' lang='lat' dir='ltr'>ejus</span> <span class='ocrx_word' id='word_1_79' title='bbox 1037 1037 1349 1138; x_wconf 81' lang='lat' dir='ltr'>operibus</span> <span class='ocrx_word' id='word_1_80' title='bbox 1369 1035 1490 1109; x_wconf 83' lang='lat' dir='ltr'>effe</span> <span class='ocrx_word' id='word_1_81' title='bbox 1512 1037 1867 1108; x_wconf 79' lang='lat' dir='ltr'>statuamus</span> <span class='ocrx_word' id='word_1_82' title='bbox 1891 1087 1913 1121; x_wconf 88' lang='lat'>,</span> <span class='ocrx_word' id='word_1_83' title='bbox 1952 1059 2033 1103; x_wconf 90' lang='lat' dir='ltr'>ne</span> <span class='ocrx_word' id='word_1_84' title='bbox 2055 1035 2438 1104; x_wconf 81' lang='lat' dir='ltr'>mutationis</span> <span class='ocrx_word' id='word_1_85' title='bbox 2462 1038 2673 1104; x_wconf 89' lang='lat' dir='ltr'>omnis</span> <span class='ocrx_word' id='word_1_86' title='bbox 2692 1037 3028 1131; x_wconf 83' lang='lat' dir='ltr'>expertem</span> 
     </span>
     <span class='ocr_line' id='line_1_11' title="bbox 600 1130 3031 1237; baseline -0.003 -24"><span class='ocrx_word' id='word_1_87' title='bbox 600 1144 829 1213; x_wconf 87' lang='lat' dir='ltr'>Deum</span> <span class='ocrx_word' id='word_1_88' title='bbox 862 1139 1049 1237; x_wconf 85' lang='lat' dir='ltr'>alicuj</span> <span class='ocrx_word' id='word_1_89' title='bbox 1059 1165 1130 1211; x_wconf 85' lang='lat' dir='ltr'>us</span> <span class='ocrx_word' id='word_1_90' title='bbox 1161 1139 1604 1236; x_wconf 62' lang='lat' dir='ltr'>infonstantiae</span> <span class='ocrx_word' id='word_1_91' title='bbox 1637 1159 1905 1235; x_wconf 84' lang='lat' dir='ltr'>arguere</span> <span class='ocrx_word' id='word_1_92' title='bbox 1920 1132 2281 1206; x_wconf 85' lang='lat' dir='ltr'>videamur.</span> <span class='ocrx_word' id='word_1_93' title='bbox 2332 1133 2502 1202; x_wconf 89' lang='lat' dir='ltr'>Non</span> <span class='ocrx_word' id='word_1_94' title='bbox 2518 1130 2805 1204; x_wconf 85' lang='lat' dir='ltr'>tollimus</span> <span class='ocrx_word' id='word_1_95' title='bbox 2821 1136 3031 1205; x_wconf 85' lang='lat' dir='ltr'>etiam</span> 
     </span>
     <span class='ocr_line' id='line_1_12' title="bbox 599 1230 3031 1341; baseline -0.003 -29"><span class='ocrx_word' id='word_1_96' title='bbox 599 1238 737 1313; x_wconf 91' lang='lat' dir='ltr'>hoc</span> <span class='ocrx_word' id='word_1_97' title='bbox 768 1244 969 1341; x_wconf 70' lang='lat' dir='ltr'>pasto</span> <span class='ocrx_word' id='word_1_98' title='bbox 1005 1237 1413 1311; x_wconf 89' lang='lat' dir='ltr'>miraculosas</span> <span class='ocrx_word' id='word_1_99' title='bbox 1442 1241 1572 1307; x_wconf 90' lang='lat' dir='ltr'>Dei</span> <span class='ocrx_word' id='word_1_100' title='bbox 1592 1240 1885 1308; x_wconf 69' lang='lat' dir='ltr'>actiones</span> <span class='ocrx_word' id='word_1_101' title='bbox 1901 1278 1925 1310; x_wconf 83' lang='lat'>‚</span> <span class='ocrx_word' id='word_1_102' title='bbox 1965 1258 2124 1331; x_wconf 85' lang='lat' dir='ltr'>quas</span> <span class='ocrx_word' id='word_1_103' title='bbox 2140 1232 2357 1304; x_wconf 89' lang='lat' dir='ltr'>divina</span> <span class='ocrx_word' id='word_1_104' title='bbox 2372 1230 2680 1303; x_wconf 86' lang='lat' dir='ltr'>revelatio</span> <span class='ocrx_word' id='word_1_105' title='bbox 2702 1259 2824 1304; x_wconf 89' lang='lat' dir='ltr'>nos</span> <span class='ocrx_word' id='word_1_106' title='bbox 2834 1230 3031 1329; x_wconf 84' lang='lat' dir='ltr'>jubet</span> 
     </span>
     <span class='ocr_line' id='line_1_13' title="bbox 606 1329 3034 1444; baseline -0.003 -32"><span class='ocrx_word' id='word_1_107' title='bbox 606 1340 910 1424; x_wconf 74' lang='lat' dir='ltr'>credere3</span> <span class='ocrx_word' id='word_1_108' title='bbox 949 1336 1057 1411; x_wconf 69' lang='lat' dir='ltr'>std</span> <span class='ocrx_word' id='word_1_109' title='bbox 1088 1343 1341 1444; x_wconf 84' lang='lat' dir='ltr'>agimus</span> <span class='ocrx_word' id='word_1_110' title='bbox 1361 1337 1612 1410; x_wconf 75' lang='lat' dir='ltr'>tanturn</span> <span class='ocrx_word' id='word_1_111' title='bbox 1635 1335 1715 1408; x_wconf 89' lang='lat' dir='ltr'>de</span> <span class='ocrx_word' id='word_1_112' title='bbox 1735 1341 1810 1406; x_wconf 89' lang='lat' dir='ltr'>iis</span> <span class='ocrx_word' id='word_1_113' title='bbox 1832 1388 1853 1419; x_wconf 89' lang='lat'><strong>,</strong></span> <span class='ocrx_word' id='word_1_114' title='bbox 1885 1360 2028 1431; x_wconf 83' lang='lat' dir='ltr'>quae</span> <span class='ocrx_word' id='word_1_115' title='bbox 2041 1332 2205 1405; x_wconf 89' lang='lat' dir='ltr'>fiunt</span> <span class='ocrx_word' id='word_1_116' title='bbox 2221 1329 2577 1403; x_wconf 75' lang='lat' dir='ltr'>secundum</span> <span class='ocrx_word' id='word_1_117' title='bbox 2596 1331 2897 1403; x_wconf 85' lang='lat' dir='ltr'>ordinem</span> <span class='ocrx_word' id='word_1_118' title='bbox 2912 1359 3034 1405; x_wconf 82' lang='lat' dir='ltr'>na-</span> 
     </span>
     <span class='ocr_line' id='line_1_14' title="bbox 604 1428 3038 1539; baseline -0.004 -25"><span class='ocrx_word' id='word_1_119' title='bbox 604 1465 763 1515; x_wconf 80' lang='lat' dir='ltr'>turae</span> <span class='ocrx_word' id='word_1_120' title='bbox 782 1496 803 1528; x_wconf 88' lang='lat'><strong>,</strong></span> <span class='ocrx_word' id='word_1_121' title='bbox 835 1428 980 1539; x_wconf 80' lang='lat' dir='ltr'>quae</span> <span class='ocrx_word' id='word_1_122' title='bbox 996 1437 1256 1539; x_wconf 68' lang='lat' dir='ltr'>physica</span> <span class='ocrx_word' id='word_1_123' title='bbox 1276 1434 1509 1511; x_wconf 78' lang='lat' dir='ltr'>sunt&amp;</span> <span class='ocrx_word' id='word_1_124' title='bbox 1527 1434 1842 1510; x_wconf 81' lang='lat' dir='ltr'>naturalia</span> <span class='ocrx_word' id='word_1_125' title='bbox 1862 1479 1884 1510; x_wconf 85' lang='lat'>‚</span> <span class='ocrx_word' id='word_1_126' title='bbox 1921 1459 2060 1504; x_wconf 89' lang='lat' dir='ltr'>non</span> <span class='ocrx_word' id='word_1_127' title='bbox 2084 1431 2576 1532; x_wconf 86' lang='lat' dir='ltr'>supernaturalia</span> <span class='ocrx_word' id='word_1_128' title='bbox 2589 1438 2658 1505; x_wconf 73' lang='grc' dir='ltr'>δι</span> <span class='ocrx_word' id='word_1_129' title='bbox 2673 1432 3038 1505; x_wconf 82' lang='lat' dir='ltr'>extraordi-</span> 
     </span>
     <span class='ocr_line' id='line_1_15' title="bbox 602 1529 3031 1636; baseline -0.003 -22"><span class='ocrx_word' id='word_1_130' title='bbox 602 1547 806 1614; x_wconf 84' lang='lat' dir='ltr'>naria.</span> <span class='ocrx_word' id='word_1_131' title='bbox 855 1537 1249 1612; x_wconf 85' lang='lat' dir='ltr'>Notandum</span> <span class='ocrx_word' id='word_1_132' title='bbox 1267 1537 1430 1612; x_wconf 91' lang='lat' dir='ltr'>illud</span> <span class='ocrx_word' id='word_1_133' title='bbox 1448 1535 1913 1636; x_wconf 84' lang='lat' dir='ltr'>Majemonidis</span> <span class='ocrx_word' id='word_1_134' title='bbox 1938 1540 2131 1607; x_wconf 89' lang='lat' dir='ltr'>More</span> <span class='ocrx_word' id='word_1_135' title='bbox 2162 1529 2458 1604; x_wconf 89' lang='lat' dir='ltr'>Nevech.</span> <span class='ocrx_word' id='word_1_136' title='bbox 2474 1553 2643 1633; x_wconf 88' lang='lat' dir='ltr'>part.</span> <span class='ocrx_word' id='word_1_137' title='bbox 2667 1560 2731 1606; x_wconf 86' lang='lat'>2.</span> <span class='ocrx_word' id='word_1_138' title='bbox 2751 1557 2894 1631; x_wconf 84' lang='lat' dir='ltr'>cap.</span> <span class='ocrx_word' id='word_1_139' title='bbox 2915 1557 3031 1625; x_wconf 85' lang='lat'>29.</span> 
     </span>
     <span class='ocr_line' id='line_1_16' title="bbox 603 1631 3033 1736; baseline -0.003 -27"><span class='ocrx_word' id='word_1_140' title='bbox 603 1643 781 1736; x_wconf 78' lang='lat' dir='ltr'>Qod</span> <span class='ocrx_word' id='word_1_141' title='bbox 799 1641 924 1707; x_wconf 75' lang='lat' dir='ltr'>dixi</span> <span class='ocrx_word' id='word_1_142' title='bbox 947 1691 970 1725; x_wconf 90' lang='lat'>,</span> <span class='ocrx_word' id='word_1_143' title='bbox 1003 1642 1215 1712; x_wconf 69' lang='lat' dir='ltr'>nuliam</span> <span class='ocrx_word' id='word_1_144' title='bbox 1247 1644 1306 1711; x_wconf 83' lang='lat' dir='ltr'>in</span> <span class='ocrx_word' id='word_1_145' title='bbox 1344 1639 1554 1706; x_wconf 83' lang='lat' dir='ltr'>Mundo</span> <span class='ocrx_word' id='word_1_146' title='bbox 1568 1658 1688 1705; x_wconf 79' lang='lat' dir='ltr'>rem</span> <span class='ocrx_word' id='word_1_147' title='bbox 1710 1632 1746 1703; x_wconf 65' lang='grc' dir='ltr'><em>ὲ</em></span> <span class='ocrx_word' id='word_1_148' title='bbox 1763 1654 1976 1702; x_wconf 77' lang='lat' dir='ltr'>natura</span> <span class='ocrx_word' id='word_1_149' title='bbox 1981 1634 2092 1727; x_wconf 80' lang='lat' dir='ltr'>sua</span> <span class='ocrx_word' id='word_1_150' title='bbox 2109 1635 2324 1702; x_wconf 75' lang='lat' dir='ltr'>mutari</span> <span class='ocrx_word' id='word_1_151' title='bbox 2347 1636 2663 1702; x_wconf 80' lang='lat' dir='ltr'>mutatione</span> <span class='ocrx_word' id='word_1_152' title='bbox 2673 1631 2943 1727; x_wconf 75' lang='lat' dir='ltr'>constanti</span> <span class='ocrx_word' id='word_1_153' title='bbox 2957 1635 3033 1711; x_wconf 72' lang='grc' dir='ltr'>ό·</span> 
     </span>
     <span class='ocr_line' id='line_1_17' title="bbox 587 1731 3035 1842; baseline -0.003 -34"><span class='ocrx_word' id='word_1_154' title='bbox 587 1758 965 1842; x_wconf 76' lang='lat' dir='ltr'>permanente</span> <span class='ocrx_word' id='word_1_155' title='bbox 984 1790 1006 1824; x_wconf 88' lang='lat'>,</span> <span class='ocrx_word' id='word_1_156' title='bbox 1024 1740 1085 1810; x_wconf 81' lang='lat' dir='ltr'>id</span> <span class='ocrx_word' id='word_1_157' title='bbox 1099 1739 1471 1833; x_wconf 65' lang='lat' dir='ltr'>dixirespeRu</span> <span class='ocrx_word' id='word_1_158' title='bbox 1484 1736 1902 1804; x_wconf 77' lang='lat' dir='ltr'>miraculorum.</span> <span class='ocrx_word' id='word_1_159' title='bbox 1949 1744 2112 1802; x_wconf 81' lang='lat' dir='ltr'>Nam</span> <span class='ocrx_word' id='word_1_160' title='bbox 2128 1733 2261 1801; x_wconf 83' lang='lat' dir='ltr'>licet</span> <span class='ocrx_word' id='word_1_161' title='bbox 2277 1733 2439 1824; x_wconf 78' lang='lat' dir='ltr'>virga</span> <span class='ocrx_word' id='word_1_162' title='bbox 2457 1735 2513 1800; x_wconf 83' lang='lat' dir='ltr'>in</span> <span class='ocrx_word' id='word_1_163' title='bbox 2521 1731 2862 1827; x_wconf 79' lang='lat' dir='ltr'>serpentem,</span> <span class='ocrx_word' id='word_1_164' title='bbox 2880 1754 3035 1825; x_wconf 71' lang='lat' dir='ltr'>aqua</span> 
     </span>
    </p>

    <p class='ocr_par' dir='ltr' id='par_1_3' title="bbox 576 1830 3039 1935">
     <span class='ocr_line' id='line_1_18' title="bbox 576 1830 3039 1935; baseline -0.004 -24"><span class='ocrx_word' id='word_1_165' title='bbox 576 1875 587 1880; x_wconf 87' lang='lat'><strong>·</strong></span> <span class='ocrx_word' id='word_1_166' title='bbox 603 1840 1007 1935; x_wconf 73' lang='lat' dir='ltr'>infienguinem</span> <span class='ocrx_word' id='word_1_167' title='bbox 1024 1888 1045 1917; x_wconf 89' lang='lat'><em>,</em></span> <span class='ocrx_word' id='word_1_168' title='bbox 1079 1840 1274 1908; x_wconf 67' lang='lat' dir='ltr'>mansee</span> <span class='ocrx_word' id='word_1_169' title='bbox 1285 1834 1494 1904; x_wconf 82' lang='lat' dir='ltr'>munda</span> <span class='ocrx_word' id='word_1_170' title='bbox 1504 1835 1563 1901; x_wconf 81' lang='lat' dir='ltr'>in</span> <span class='ocrx_word' id='word_1_171' title='bbox 1576 1833 1769 1902; x_wconf 74' lang='lat' dir='ltr'>albam</span> <span class='ocrx_word' id='word_1_172' title='bbox 1777 1830 2149 1926; x_wconf 72' lang='lat' dir='ltr'>converfiesmr</span> <span class='ocrx_word' id='word_1_173' title='bbox 2171 1883 2191 1914; x_wconf 92' lang='lat'>‚</span> <span class='ocrx_word' id='word_1_174' title='bbox 2199 1831 2324 1924; x_wconf 80' lang='lat' dir='ltr'>fine</span> <span class='ocrx_word' id='word_1_175' title='bbox 2337 1833 2634 1925; x_wconf 72' lang='lat' dir='ltr'>neceffizria</span> <span class='ocrx_word' id='word_1_176' title='bbox 2650 1834 2849 1923; x_wconf 77' lang='lat' dir='ltr'>aliqua</span> <span class='ocrx_word' id='word_1_177' title='bbox 2865 1831 3039 1927; x_wconf 66' lang='lat' dir='ltr'><em>cauſsa</em></span> 
     </span>
    </p>

    <p class='ocr_par' dir='ltr' id='par_1_4' title="bbox 566 1928 3038 2232">
     <span class='ocr_line' id='line_1_19' title="bbox 566 1928 3037 2040; baseline -0.002 -30"><span class='ocrx_word' id='word_1_178' title='bbox 566 1941 893 2040; x_wconf 54' lang='lat' dir='ltr'>,pataram</span> <span class='ocrx_word' id='word_1_179' title='bbox 926 1957 1121 2008; x_wconf 75' lang='lat' dir='ltr'>tamen</span> <span class='ocrx_word' id='word_1_180' title='bbox 1134 1933 1238 2035; x_wconf 71' lang='lat' dir='ltr'>issa</span> <span class='ocrx_word' id='word_1_181' title='bbox 1251 1935 1440 2005; x_wconf 84' lang='lat' dir='ltr'>omnia</span> <span class='ocrx_word' id='word_1_182' title='bbox 1455 1928 1764 2027; x_wconf 80' lang='lat' dir='ltr'>constanter</span> <span class='ocrx_word' id='word_1_183' title='bbox 1777 1934 1868 2000; x_wconf 81' lang='lat' dir='ltr'>ita</span> <span class='ocrx_word' id='word_1_184' title='bbox 1880 1953 1986 1998; x_wconf 85' lang='lat' dir='ltr'>non</span> <span class='ocrx_word' id='word_1_185' title='bbox 1999 1933 2418 2027; x_wconf 55' lang='lat' dir='ltr'>permansierant</span> <span class='ocrx_word' id='word_1_186' title='bbox 2442 1983 2464 2016; x_wconf 90' lang='lat'>,</span> <span class='ocrx_word' id='word_1_187' title='bbox 2494 1953 2671 2022; x_wconf 80' lang='lat' dir='ltr'>neque</span> <span class='ocrx_word' id='word_1_188' title='bbox 2686 1935 2747 2000; x_wconf 77' lang='lat' dir='ltr'>in</span> <span class='ocrx_word' id='word_1_189' title='bbox 2760 1950 3037 2004; x_wconf 77' lang='lat' dir='ltr'>naturam</span> 
     </span>
     <span class='ocr_line' id='line_1_20' title="bbox 601 2027 3038 2129; baseline -0.003 -21"><span class='ocrx_word' id='word_1_190' title='bbox 601 2040 787 2108; x_wconf 77' lang='lat' dir='ltr'>aliam</span> <span class='ocrx_word' id='word_1_191' title='bbox 812 2034 1196 2129; x_wconf 76' lang='lat' dir='ltr'>mumafienr.</span> <span class='ocrx_word' id='word_1_192' title='bbox 1252 2031 1457 2106; x_wconf 64' lang='lat' dir='ltr'>Veriem</span> <span class='ocrx_word' id='word_1_193' title='bbox 1477 2084 1499 2117; x_wconf 90' lang='lat'>,</span> <span class='ocrx_word' id='word_1_194' title='bbox 1520 2051 1683 2126; x_wconf 78' lang='lat' dir='ltr'>prout</span> <span class='ocrx_word' id='word_1_195' title='bbox 1703 2028 1939 2102; x_wconf 73' lang='lat' dir='ltr'>Rabbim‘</span> <span class='ocrx_word' id='word_1_196' title='bbox 1954 2027 2117 2126; x_wconf 82' lang='lat' dir='ltr'>nostri</span> <span class='ocrx_word' id='word_1_197' title='bbox 2143 2031 2358 2114; x_wconf 80' lang='lat' dir='ltr'>dicunt,</span> <span class='ocrx_word' id='word_1_198' title='bbox 2390 2034 2628 2101; x_wconf 79' lang='lat' dir='ltr'>Mundus</span> <span class='ocrx_word' id='word_1_199' title='bbox 2641 2034 2847 2102; x_wconf 80' lang='lat' dir='ltr'>retiner</span> <span class='ocrx_word' id='word_1_200' title='bbox 2863 2032 3038 2128; x_wconf 61' lang='grc' dir='ltr'>Δεβ-</span> 
     </span>
     <span class='ocr_line' id='line_1_21' title="bbox 603 2132 1452 2232; baseline -0.007 -29"><span class='ocrx_word' id='word_1_201' title='bbox 603 2134 976 2232; x_wconf 77' lang='lat' dir='ltr'>qaitursuaem</span> <span class='ocrx_word' id='word_1_202' title='bbox 985 2132 1452 2230; x_wconf 76' lang='lat' dir='ltr'>consuetudinem.</span> 
     </span>
    </p>

    <p class='ocr_par' dir='ltr' id='par_1_5' title="bbox 599 2226 3039 3032">
     <span class='ocr_line' id='line_1_22' title="bbox 706 2226 3035 2334; baseline 0 -29"><span class='ocrx_word' id='word_1_203' title='bbox 706 2258 825 2330; x_wconf 88' lang='lat'>44.</span> <span class='ocrx_word' id='word_1_204' title='bbox 881 2238 1314 2334; x_wconf 77' lang='lat' dir='ltr'>Qpropter</span> <span class='ocrx_word' id='word_1_205' title='bbox 1350 2237 1586 2307; x_wconf 80' lang='lat' dir='ltr'>iterum</span> <span class='ocrx_word' id='word_1_206' title='bbox 1621 2226 2075 2301; x_wconf 88' lang='lat' dir='ltr'>concludimus</span> <span class='ocrx_word' id='word_1_207' title='bbox 2096 2283 2118 2316; x_wconf 90' lang='lat'>,</span> <span class='ocrx_word' id='word_1_208' title='bbox 2150 2232 2360 2301; x_wconf 79' lang='lat' dir='ltr'>rationi</span> <span class='ocrx_word' id='word_1_209' title='bbox 2394 2227 2516 2302; x_wconf 78' lang='lat' dir='ltr'>effi:</span> <span class='ocrx_word' id='word_1_210' title='bbox 2536 2230 2736 2329; x_wconf 66' lang='lat' dir='ltr'>quam</span> <span class='ocrx_word' id='word_1_211' title='bbox 2756 2232 3035 2305; x_wconf 61' lang='lat' dir='ltr'>maxime</span> 
     </span>
     <span class='ocr_line' id='line_1_23' title="bbox 609 2325 3037 2432; baseline -0.002 -25"><span class='ocrx_word' id='word_1_212' title='bbox 609 2330 1117 2407; x_wconf 87' lang='lat' dir='ltr'>consentaneum</span> <span class='ocrx_word' id='word_1_213' title='bbox 1143 2386 1164 2419; x_wconf 91' lang='lat'>,</span> <span class='ocrx_word' id='word_1_214' title='bbox 1198 2356 1267 2405; x_wconf 92' lang='lat' dir='ltr'>ut</span> <span class='ocrx_word' id='word_1_215' title='bbox 1281 2330 1655 2432; x_wconf 86' lang='lat' dir='ltr'>judicemus</span> <span class='ocrx_word' id='word_1_216' title='bbox 1672 2384 1693 2417; x_wconf 92' lang='lat'>,</span> <span class='ocrx_word' id='word_1_217' title='bbox 1710 2355 1785 2401; x_wconf 83' lang='lat' dir='ltr'>ex</span> <span class='ocrx_word' id='word_1_218' title='bbox 1806 2355 1890 2399; x_wconf 92' lang='lat' dir='ltr'>eo</span> <span class='ocrx_word' id='word_1_219' title='bbox 1915 2325 2057 2400; x_wconf 88' lang='lat' dir='ltr'>solo</span> <span class='ocrx_word' id='word_1_220' title='bbox 2075 2383 2096 2414; x_wconf 88' lang='lat'><strong>,</strong></span> <span class='ocrx_word' id='word_1_221' title='bbox 2119 2330 2310 2428; x_wconf 91' lang='lat' dir='ltr'>quod</span> <span class='ocrx_word' id='word_1_222' title='bbox 2330 2335 2510 2402; x_wconf 89' lang='lat' dir='ltr'>Deus</span> <span class='ocrx_word' id='word_1_223' title='bbox 2531 2330 2790 2404; x_wconf 76' lang='lat' dir='ltr'>diversis</span> <span class='ocrx_word' id='word_1_224' title='bbox 2814 2336 3037 2403; x_wconf 84' lang='lat' dir='ltr'>omni·</span> 
     </span>
     <span class='ocr_line' id='line_1_24' title="bbox 602 2430 3039 2531; baseline -0.001 -24"><span class='ocrx_word' id='word_1_225' title='bbox 602 2460 697 2507; x_wconf 87' lang='lat' dir='ltr'>no</span> <span class='ocrx_word' id='word_1_226' title='bbox 733 2430 950 2506; x_wconf 90' lang='lat' dir='ltr'>modis</span> <span class='ocrx_word' id='word_1_227' title='bbox 984 2431 1327 2506; x_wconf 71' lang='lat' dir='ltr'>mundanae</span> <span class='ocrx_word' id='word_1_228' title='bbox 1351 2436 1636 2504; x_wconf 67' lang='lat' dir='ltr'>materie</span> <span class='ocrx_word' id='word_1_229' title='bbox 1667 2453 1881 2530; x_wconf 85' lang='lat' dir='ltr'>partes</span> <span class='ocrx_word' id='word_1_230' title='bbox 1897 2436 2216 2517; x_wconf 87' lang='lat' dir='ltr'>moverit,</span> <span class='ocrx_word' id='word_1_231' title='bbox 2253 2431 2406 2502; x_wconf 79' lang='lat' dir='ltr'>cum</span> <span class='ocrx_word' id='word_1_232' title='bbox 2422 2432 2708 2531; x_wconf 76' lang='lat' dir='ltr'>primum</span> <span class='ocrx_word' id='word_1_233' title='bbox 2730 2457 2834 2504; x_wconf 85' lang='lat' dir='ltr'>eas</span> <span class='ocrx_word' id='word_1_234' title='bbox 2855 2457 3039 2504; x_wconf 85' lang='lat' dir='ltr'>crea·</span> 
     </span>
     <span class='ocr_line' id='line_1_25' title="bbox 603 2528 3034 2634; baseline -0.002 -26"><span class='ocrx_word' id='word_1_235' title='bbox 603 2539 735 2631; x_wconf 83' lang='lat' dir='ltr'>vit,</span> <span class='ocrx_word' id='word_1_236' title='bbox 752 2542 1012 2634; x_wconf 84' lang='lat' dir='ltr'>jamque</span> <span class='ocrx_word' id='word_1_237' title='bbox 1032 2558 1246 2607; x_wconf 89' lang='lat' dir='ltr'>totam</span> <span class='ocrx_word' id='word_1_238' title='bbox 1261 2534 1445 2606; x_wconf 84' lang='lat' dir='ltr'>istam</span> <span class='ocrx_word' id='word_1_239' title='bbox 1463 2537 1805 2603; x_wconf 84' lang='lat' dir='ltr'>materiam</span> <span class='ocrx_word' id='word_1_240' title='bbox 1821 2528 2161 2602; x_wconf 79' lang='lat' dir='ltr'>conservet</span> <span class='ocrx_word' id='word_1_241' title='bbox 2184 2585 2206 2618; x_wconf 90' lang='lat'>,</span> <span class='ocrx_word' id='word_1_242' title='bbox 2226 2530 2466 2621; x_wconf 91' lang='lat' dir='ltr'>eodem</span> <span class='ocrx_word' id='word_1_243' title='bbox 2480 2529 2674 2631; x_wconf 73' lang='lat' dir='ltr'>plane</span> <span class='ocrx_word' id='word_1_244' title='bbox 2693 2531 2907 2604; x_wconf 89' lang='lat' dir='ltr'>modo</span> <span class='ocrx_word' id='word_1_245' title='bbox 2924 2557 3034 2603; x_wconf 90' lang='lat' dir='ltr'>ea-</span> 
     </span>
     <span class='ocr_line' id='line_1_26' title="bbox 599 2627 3030 2735; baseline -0 -30"><span class='ocrx_word' id='word_1_246' title='bbox 599 2632 888 2735; x_wconf 84' lang='lat' dir='ltr'>demque</span> <span class='ocrx_word' id='word_1_247' title='bbox 921 2641 1175 2709; x_wconf 90' lang='lat' dir='ltr'>tatione</span> <span class='ocrx_word' id='word_1_248' title='bbox 1194 2691 1216 2723; x_wconf 91' lang='lat'>‚</span> <span class='ocrx_word' id='word_1_249' title='bbox 1254 2661 1383 2733; x_wconf 89' lang='lat' dir='ltr'>qua</span> <span class='ocrx_word' id='word_1_250' title='bbox 1416 2638 1591 2735; x_wconf 73' lang='lat' dir='ltr'>ptius</span> <span class='ocrx_word' id='word_1_251' title='bbox 1610 2635 1862 2705; x_wconf 87' lang='lat' dir='ltr'>creavit</span> <span class='ocrx_word' id='word_1_252' title='bbox 1896 2630 2209 2728; x_wconf 88' lang='lat' dir='ltr'>(quando</span> <span class='ocrx_word' id='word_1_253' title='bbox 2237 2627 2653 2704; x_wconf 84' lang='lat' dir='ltr'>conservatio</span> <span class='ocrx_word' id='word_1_254' title='bbox 2672 2631 2834 2703; x_wconf 87' lang='lat' dir='ltr'>nihil</span> <span class='ocrx_word' id='word_1_255' title='bbox 2848 2629 3030 2704; x_wconf 86' lang='lat' dir='ltr'>aliud</span> 
     </span>
     <span class='ocr_line' id='line_1_27' title="bbox 604 2729 3030 2834; baseline 0 -29"><span class='ocrx_word' id='word_1_256' title='bbox 604 2735 699 2806; x_wconf 87' lang='lat' dir='ltr'>est</span> <span class='ocrx_word' id='word_1_257' title='bbox 714 2791 735 2820; x_wconf 91' lang='lat'>,</span> <span class='ocrx_word' id='word_1_258' title='bbox 762 2736 961 2834; x_wconf 71' lang='lat' dir='ltr'>quam</span> <span class='ocrx_word' id='word_1_259' title='bbox 983 2745 1366 2811; x_wconf 78' lang='lat' dir='ltr'>continuata</span> <span class='ocrx_word' id='word_1_260' title='bbox 1385 2738 1678 2826; x_wconf 77' lang='lat' dir='ltr'>creatio)</span> <span class='ocrx_word' id='word_1_261' title='bbox 1715 2758 1866 2804; x_wconf 90' lang='lat' dir='ltr'>eum</span> <span class='ocrx_word' id='word_1_262' title='bbox 1883 2729 2086 2830; x_wconf 78' lang='lat' dir='ltr'>iplum</span> <span class='ocrx_word' id='word_1_263' title='bbox 2106 2757 2372 2830; x_wconf 89' lang='lat' dir='ltr'>quoque</span> <span class='ocrx_word' id='word_1_264' title='bbox 2391 2731 2777 2805; x_wconf 85' lang='lat' dir='ltr'>tantundem</span> <span class='ocrx_word' id='word_1_265' title='bbox 2805 2755 3030 2805; x_wconf 82' lang='lat' dir='ltr'>motus</span> 
     </span>
     <span class='ocr_line' id='line_1_28' title="bbox 601 2829 3031 2935; baseline 0 -32"><span class='ocrx_word' id='word_1_266' title='bbox 601 2836 672 2903; x_wconf 91' lang='lat' dir='ltr'>in</span> <span class='ocrx_word' id='word_1_267' title='bbox 695 2832 982 2906; x_wconf 89' lang='lat' dir='ltr'>universa</span> <span class='ocrx_word' id='word_1_268' title='bbox 1017 2842 1284 2908; x_wconf 87' lang='lat' dir='ltr'>materia</span> <span class='ocrx_word' id='word_1_269' title='bbox 1312 2833 1637 2935; x_wconf 74' lang='lat' dir='ltr'>perpetuo</span> <span class='ocrx_word' id='word_1_270' title='bbox 1672 2829 2074 2904; x_wconf 73' lang='lat' dir='ltr'>conlervare.</span> <span class='ocrx_word' id='word_1_271' title='bbox 2125 2836 2282 2905; x_wconf 88' lang='lat' dir='ltr'>Huc</span> <span class='ocrx_word' id='word_1_272' title='bbox 2317 2838 2595 2930; x_wconf 83' lang='lat' dir='ltr'>pertinet</span> <span class='ocrx_word' id='word_1_273' title='bbox 2623 2832 2791 2904; x_wconf 88' lang='lat' dir='ltr'>illud</span> <span class='ocrx_word' id='word_1_274' title='bbox 2808 2838 3031 2930; x_wconf 83' lang='lat' dir='ltr'>Maje-</span> 
     </span>
     <span class='ocr_line' id='line_1_29' title="bbox 601 2928 3026 3032; baseline 0.001 -31"><span class='ocrx_word' id='word_1_275' title='bbox 601 2932 862 3004; x_wconf 84' lang='lat' dir='ltr'>monid.</span> <span class='ocrx_word' id='word_1_276' title='bbox 879 2930 1215 3004; x_wconf 76' lang='lat' dir='ltr'>libricitati</span> <span class='ocrx_word' id='word_1_277' title='bbox 1224 2956 1388 3029; x_wconf 81' lang='lat' dir='ltr'>part.</span> <span class='ocrx_word' id='word_1_278' title='bbox 1418 2958 1636 3032; x_wconf 72' lang='lat' dir='ltr'>10cap.</span> <span class='ocrx_word' id='word_1_279' title='bbox 1658 2943 1779 3022; x_wconf 87' lang='lat'>67.</span> <span class='ocrx_word' id='word_1_280' title='bbox 1828 2928 1972 3004; x_wconf 85' lang='lat' dir='ltr'>Ubi</span> <span class='ocrx_word' id='word_1_281' title='bbox 1988 2931 2259 3031; x_wconf 84' lang='lat' dir='ltr'>explicat</span> <span class='ocrx_word' id='word_1_282' title='bbox 2281 2931 2440 3004; x_wconf 80' lang='lat' dir='ltr'>illud</span> <span class='ocrx_word' id='word_1_283' title='bbox 2468 2929 2836 3009; x_wconf 73' lang='lat' dir='ltr'>Geneseosz</span> <span class='ocrx_word' id='word_1_284' title='bbox 2877 2946 3026 3003; x_wconf 73' lang='lat' dir='ltr'>Deua</span> 
     </span>
    </p>

    <p class='ocr_par' dir='ltr' id='par_1_6' title="bbox 500 3029 3035 3225">
     <span class='ocr_line' id='line_1_30' title="bbox 500 3029 3035 3129; baseline 0.002 -30"><span class='ocrx_word' id='word_1_285' title='bbox 500 3120 503 3121; x_wconf 15' lang='lat'><em>⁷</em></span> <span class='ocrx_word' id='word_1_286' title='bbox 590 3034 881 3122; x_wconf 75' lang='lat' dir='ltr'>requievit</span> <span class='ocrx_word' id='word_1_287' title='bbox 902 3032 993 3100; x_wconf 81' lang='lat' dir='ltr'>die</span> <span class='ocrx_word' id='word_1_288' title='bbox 1010 3032 1245 3125; x_wconf 74' lang='lat' dir='ltr'>septim</span> <span class='ocrx_word' id='word_1_289' title='bbox 1261 3080 1282 3112; x_wconf 87' lang='lat'><strong>,</strong></span> <span class='ocrx_word' id='word_1_290' title='bbox 1309 3029 1412 3100; x_wconf 79' lang='lat' dir='ltr'>his</span> <span class='ocrx_word' id='word_1_291' title='bbox 1432 3029 1681 3102; x_wconf 83' lang='lat' dir='ltr'>verbis:</span> <span class='ocrx_word' id='word_1_292' title='bbox 1717 3033 2092 3121; x_wconf 72' lang='lat' dir='ltr'>Reliquit·die</span> <span class='ocrx_word' id='word_1_293' title='bbox 2113 3032 2350 3129; x_wconf 77' lang='lat' dir='ltr'>septimo</span> <span class='ocrx_word' id='word_1_294' title='bbox 2376 3035 2565 3103; x_wconf 80' lang='lat' dir='ltr'>omnia</span> <span class='ocrx_word' id='word_1_295' title='bbox 2582 3037 2754 3104; x_wconf 75' lang='lat' dir='ltr'>Entia</span> <span class='ocrx_word' id='word_1_296' title='bbox 2767 3036 2901 3106; x_wconf 81' lang='lat' dir='ltr'>ineo</span> <span class='ocrx_word' id='word_1_297' title='bbox 2915 3037 3035 3103; x_wconf 77' lang='lat' dir='ltr'>tm</span> 
     </span>
     <span class='ocr_line' id='line_1_31' title="bbox 512 3128 2071 3225; baseline 0.003 -28"><span class='ocrx_word' id='word_1_298' title='bbox 512 3149 518 3155; x_wconf 85' lang='lat'><strong>·</strong></span> <span class='ocrx_word' id='word_1_299' title='bbox 603 3128 837 3223; x_wconf 73' lang='lat' dir='ltr'>&amp;flatu</span> <span class='ocrx_word' id='word_1_300' title='bbox 855 3179 878 3214; x_wconf 89' lang='lat'>‚</span> <span class='ocrx_word' id='word_1_301' title='bbox 903 3132 1215 3219; x_wconf 73' lang='lat' dir='ltr'>inquorum</span> <span class='ocrx_word' id='word_1_302' title='bbox 1232 3138 1396 3201; x_wconf 61' lang='lat' dir='ltr'>erant</span> <span class='ocrx_word' id='word_1_303' title='bbox 1419 3182 1441 3214; x_wconf 91' lang='lat'>‚</span> <span class='ocrx_word' id='word_1_304' title='bbox 1476 3134 1553 3212; x_wconf 69' lang='grc' dir='ltr'><strong><em>ά</em></strong></span> <span class='ocrx_word' id='word_1_305' title='bbox 1567 3133 1627 3198; x_wconf 80' lang='lat' dir='ltr'>in</span> <span class='ocrx_word' id='word_1_306' title='bbox 1640 3149 1748 3220; x_wconf 83' lang='lat' dir='ltr'>quo</span> <span class='ocrx_word' id='word_1_307' title='bbox 1768 3129 2071 3225; x_wconf 72' lang='lat' dir='ltr'>nuncfimt.</span> 
     </span>
    </p>

    <p class='ocr_par' dir='ltr' id='par_1_7' title="bbox 590 3227 3038 4039">
     <span class='ocr_line' id='line_1_32' title="bbox 701 3227 3031 3332; baseline 0.003 -34"><span class='ocrx_word' id='word_1_308' title='bbox 701 3250 826 3324; x_wconf 81' lang='lat'>45.</span> <span class='ocrx_word' id='word_1_309' title='bbox 860 3231 1169 3323; x_wconf 85' lang='lat' dir='ltr'>-Qoties</span> <span class='ocrx_word' id='word_1_310' title='bbox 1195 3231 1389 3328; x_wconf 83' lang='lat' dir='ltr'>igitur</span> <span class='ocrx_word' id='word_1_311' title='bbox 1410 3233 1651 3300; x_wconf 86' lang='lat' dir='ltr'>rationi</span> <span class='ocrx_word' id='word_1_312' title='bbox 1684 3227 1840 3299; x_wconf 86' lang='lat' dir='ltr'>huic</span> <span class='ocrx_word' id='word_1_313' title='bbox 1864 3228 2255 3302; x_wconf 85' lang='lat' dir='ltr'>obnituntur</span> <span class='ocrx_word' id='word_1_314' title='bbox 2274 3236 2716 3332; x_wconf 85' lang='lat' dir='ltr'>experimenta</span> <span class='ocrx_word' id='word_1_315' title='bbox 2720 3232 2985 3330; x_wconf 64' lang='lat' dir='ltr'>[insicum</span> <span class='ocrx_word' id='word_1_316' title='bbox 3003 3275 3031 3313; x_wconf 78' lang='lat'>‚</span> 
     </span>
     <span class='ocr_line' id='line_1_33' title="bbox 598 3322 3032 3434; baseline 0.002 -36"><span class='ocrx_word' id='word_1_317' title='bbox 598 3322 867 3398; x_wconf 82' lang='lat' dir='ltr'>sciamus</span> <span class='ocrx_word' id='word_1_318' title='bbox 883 3324 1285 3426; x_wconf 87' lang='lat' dir='ltr'>Philosopho</span> <span class='ocrx_word' id='word_1_319' title='bbox 1301 3331 1626 3401; x_wconf 84' lang='lat' dir='ltr'>rationem</span> <span class='ocrx_word' id='word_1_320' title='bbox 1646 3328 1769 3400; x_wconf 84' lang='lat' dir='ltr'>effe</span> <span class='ocrx_word' id='word_1_321' title='bbox 1785 3326 2286 3429; x_wconf 67' lang='lat' dir='ltr'>praeferendam.</span> <span class='ocrx_word' id='word_1_322' title='bbox 2323 3337 2410 3406; x_wconf 81' lang='lat' dir='ltr'>Et</span> <span class='ocrx_word' id='word_1_323' title='bbox 2426 3341 2721 3434; x_wconf 86' lang='lat' dir='ltr'>quamvis</span> <span class='ocrx_word' id='word_1_324' title='bbox 2740 3389 2761 3419; x_wconf 85' lang='lat'>,</span> <span class='ocrx_word' id='word_1_325' title='bbox 2781 3335 2946 3407; x_wconf 90' lang='lat' dir='ltr'>dum</span> <span class='ocrx_word' id='word_1_326' title='bbox 2960 3335 3032 3403; x_wconf 85' lang='lat' dir='ltr'>in</span> 
     </span>
     <span class='ocr_line' id='line_1_34' title="bbox 597 3424 3033 3534; baseline 0.003 -37"><span class='ocrx_word' id='word_1_327' title='bbox 597 3424 886 3526; x_wconf 86' lang='lat' dir='ltr'>generali</span> <span class='ocrx_word' id='word_1_328' title='bbox 916 3424 1177 3519; x_wconf 77' lang='lat' dir='ltr'>Phyfica</span> <span class='ocrx_word' id='word_1_329' title='bbox 1209 3424 1419 3499; x_wconf 78' lang='lat' dir='ltr'>solum</span> <span class='ocrx_word' id='word_1_330' title='bbox 1438 3425 1765 3500; x_wconf 85' lang='lat' dir='ltr'>versamur</span> <span class='ocrx_word' id='word_1_331' title='bbox 1782 3480 1804 3515; x_wconf 87' lang='lat'>,</span> <span class='ocrx_word' id='word_1_332' title='bbox 1841 3456 1978 3500; x_wconf 91' lang='lat' dir='ltr'>non</span> <span class='ocrx_word' id='word_1_333' title='bbox 1992 3427 2310 3529; x_wconf 84' lang='lat' dir='ltr'>poffimus</span> <span class='ocrx_word' id='word_1_334' title='bbox 2327 3433 2412 3505; x_wconf 92' lang='lat' dir='ltr'>ad</span> <span class='ocrx_word' id='word_1_335' title='bbox 2429 3461 2505 3506; x_wconf 88' lang='lat' dir='ltr'>ea</span> <span class='ocrx_word' id='word_1_336' title='bbox 2526 3441 2753 3507; x_wconf 87' lang='lat' dir='ltr'>omnia</span> <span class='ocrx_word' id='word_1_337' title='bbox 2770 3432 3033 3534; x_wconf 79' lang='lat' dir='ltr'>respon·</span> 
     </span>
     <span class='ocr_line' id='line_1_35' title="bbox 601 3526 3033 3636; baseline 0.002 -38"><span class='ocrx_word' id='word_1_338' title='bbox 601 3529 757 3598; x_wconf 89' lang='lat' dir='ltr'>dere</span> <span class='ocrx_word' id='word_1_339' title='bbox 779 3581 800 3612; x_wconf 89' lang='lat'><strong>,</strong></span> <span class='ocrx_word' id='word_1_340' title='bbox 837 3551 1051 3625; x_wconf 89' lang='lat' dir='ltr'>neque</span> <span class='ocrx_word' id='word_1_341' title='bbox 1086 3526 1401 3628; x_wconf 84' lang='lat' dir='ltr'>explicare</span> <span class='ocrx_word' id='word_1_342' title='bbox 1425 3526 1602 3600; x_wconf 89' lang='lat' dir='ltr'>illico</span> <span class='ocrx_word' id='word_1_343' title='bbox 1621 3581 1643 3616; x_wconf 87' lang='lat'>,</span> <span class='ocrx_word' id='word_1_344' title='bbox 1678 3527 1857 3600; x_wconf 90' lang='lat' dir='ltr'>unde</span> <span class='ocrx_word' id='word_1_345' title='bbox 1873 3527 1981 3601; x_wconf 89' lang='lat' dir='ltr'>hic</span> <span class='ocrx_word' id='word_1_346' title='bbox 2004 3527 2106 3601; x_wconf 90' lang='lat' dir='ltr'>vel</span> <span class='ocrx_word' id='word_1_347' title='bbox 2124 3528 2231 3600; x_wconf 89' lang='lat' dir='ltr'>ille</span> <span class='ocrx_word' id='word_1_348' title='bbox 2248 3556 2472 3605; x_wconf 87' lang='lat' dir='ltr'>motus</span> <span class='ocrx_word' id='word_1_349' title='bbox 2489 3560 2847 3636; x_wconf 73' lang='lat' dir='ltr'>corporum</span> <span class='ocrx_word' id='word_1_350' title='bbox 2869 3559 3033 3633; x_wconf 89' lang='lat' dir='ltr'>pro-</span> 
     </span>
     <span class='ocr_line' id='line_1_36' title="bbox 594 3625 3034 3735; baseline 0.002 -36"><span class='ocrx_word' id='word_1_351' title='bbox 594 3631 852 3706; x_wconf 78' lang='lat' dir='ltr'>veniat,</span> <span class='ocrx_word' id='word_1_352' title='bbox 884 3650 1000 3698; x_wconf 88' lang='lat' dir='ltr'>aut</span> <span class='ocrx_word' id='word_1_353' title='bbox 1039 3629 1178 3723; x_wconf 77' lang='lat' dir='ltr'>quo</span> <span class='ocrx_word' id='word_1_354' title='bbox 1215 3625 1450 3711; x_wconf 89' lang='lat' dir='ltr'>abeat,</span> <span class='ocrx_word' id='word_1_355' title='bbox 1492 3631 1645 3701; x_wconf 75' lang='lat' dir='ltr'>cum</span> <span class='ocrx_word' id='word_1_356' title='bbox 1661 3626 1901 3730; x_wconf 66' lang='lat' dir='ltr'>definit</span> <span class='ocrx_word' id='word_1_357' title='bbox 1914 3627 2188 3703; x_wconf 67' lang='lat' dir='ltr'>sensibus</span> <span class='ocrx_word' id='word_1_358' title='bbox 2204 3634 2435 3706; x_wconf 86' lang='lat' dir='ltr'>nostris</span> <span class='ocrx_word' id='word_1_359' title='bbox 2457 3626 2803 3735; x_wconf 75' lang='lat' dir='ltr'>app‘arere,</span> <span class='ocrx_word' id='word_1_360' title='bbox 2836 3631 3034 3730; x_wconf 86' lang='lat' dir='ltr'>quod</span> 
     </span>
     <span class='ocr_line' id='line_1_37' title="bbox 596 3722 3034 3832; baseline 0.004 -38"><span class='ocrx_word' id='word_1_361' title='bbox 596 3722 974 3821; x_wconf 82' lang='lat' dir='ltr'>hujusmodi</span> <span class='ocrx_word' id='word_1_362' title='bbox 997 3726 1341 3827; x_wconf 84' lang='lat' dir='ltr'>explicatio</span> <span class='ocrx_word' id='word_1_363' title='bbox 1372 3725 1653 3826; x_wconf 89' lang='lat' dir='ltr'>plurium</span> <span class='ocrx_word' id='word_1_364' title='bbox 1684 3753 1901 3801; x_wconf 87' lang='lat' dir='ltr'>rerum</span> <span class='ocrx_word' id='word_1_365' title='bbox 1920 3732 2404 3832; x_wconf 86' lang='lat' dir='ltr'>particularium</span> <span class='ocrx_word' id='word_1_366' title='bbox 2430 3730 2759 3807; x_wconf 75' lang='lat' dir='ltr'>scientiam</span> <span class='ocrx_word' id='word_1_367' title='bbox 2778 3731 3034 3805; x_wconf 78' lang='lat' dir='ltr'>deiide-</span> 
     </span>
     <span class='ocr_line' id='line_1_38' title="bbox 590 3823 3038 3928; baseline 0.004 -33"><span class='ocrx_word' id='word_1_368' title='bbox 590 3846 718 3920; x_wconf 77' lang='lat' dir='ltr'>ret3</span> <span class='ocrx_word' id='word_1_369' title='bbox 736 3832 892 3900; x_wconf 90' lang='lat' dir='ltr'>certi</span> <span class='ocrx_word' id='word_1_370' title='bbox 915 3851 1135 3899; x_wconf 87' lang='lat' dir='ltr'>tamen</span> <span class='ocrx_word' id='word_1_371' title='bbox 1159 3839 1228 3903; x_wconf 86' lang='lat'>&amp;</span> <span class='ocrx_word' id='word_1_372' title='bbox 1245 3823 1516 3928; x_wconf 78' lang='lat' dir='ltr'>periuafi</span> <span class='ocrx_word' id='word_1_373' title='bbox 1532 3826 1726 3901; x_wconf 85' lang='lat' dir='ltr'>fimus</span> <span class='ocrx_word' id='word_1_374' title='bbox 1741 3879 1762 3909; x_wconf 90' lang='lat'>,</span> <span class='ocrx_word' id='word_1_375' title='bbox 1783 3854 1908 3902; x_wconf 75' lang='lat' dir='ltr'>nos</span> <span class='ocrx_word' id='word_1_376' title='bbox 1922 3833 2035 3904; x_wconf 90' lang='lat' dir='ltr'>ista</span> <span class='ocrx_word' id='word_1_377' title='bbox 2052 3837 2276 3903; x_wconf 83' lang='lat' dir='ltr'>omnia</span> <span class='ocrx_word' id='word_1_378' title='bbox 2295 3838 2379 3906; x_wconf 79' lang='lat' dir='ltr'>eo</span> <span class='ocrx_word' id='word_1_379' title='bbox 2398 3835 2637 3907; x_wconf 62' lang='lat' dir='ltr'>rectius</span> <span class='ocrx_word' id='word_1_380' title='bbox 2656 3863 2720 3910; x_wconf 88' lang='lat' dir='ltr'>at</span> <span class='ocrx_word' id='word_1_381' title='bbox 2774 3862 2852 3908; x_wconf 88' lang='lat' dir='ltr'>ue</span> <span class='ocrx_word' id='word_1_382' title='bbox 2870 3832 3038 3906; x_wconf 87' lang='lat' dir='ltr'>ube-</span> 
     </span>
     <span class='ocr_line' id='line_1_39' title="bbox 591 3864 2990 4039; baseline 0.003 -38"><span class='ocrx_word' id='word_1_383' title='bbox 591 3926 724 4001; x_wconf 67' lang='lat' dir='ltr'>rius</span> <span class='ocrx_word' id='word_1_384' title='bbox 736 3930 1128 4031; x_wconf 84' lang='lat' dir='ltr'>cognituros</span> <span class='ocrx_word' id='word_1_385' title='bbox 1151 3983 1173 4022; x_wconf 89' lang='lat'>,</span> <span class='ocrx_word' id='word_1_386' title='bbox 1201 3928 1340 4030; x_wconf 75' lang='lat' dir='ltr'>quo</span> <span class='ocrx_word' id='word_1_387' title='bbox 1360 3925 1551 4002; x_wconf 75' lang='lat' dir='ltr'>altius</span> <span class='ocrx_word' id='word_1_388' title='bbox 1568 3931 1639 4003; x_wconf 91' lang='lat' dir='ltr'>in</span> <span class='ocrx_word' id='word_1_389' title='bbox 1660 3926 1952 4033; x_wconf 79' lang='lat' dir='ltr'>specialis</span> <span class='ocrx_word' id='word_1_390' title='bbox 1969 3930 2246 4016; x_wconf 76' lang='lat' dir='ltr'>thficae</span> <span class='ocrx_word' id='word_1_391' title='bbox 2259 3933 2455 4031; x_wconf 85' lang='lat' dir='ltr'>adyta</span> <span class='ocrx_word' id='word_1_392' title='bbox 2470 3864 2990 4039; x_wconf 56' lang='lat' dir='ltr'>penetracbimus.</span> 
     </span>
    </p>
   </div>
  </div>
 </body>
</html>
