3391 4418
2696 143 2852 255 283

428 257 2514 468 ‚THEORIA

450 528 1537 654 CORPORUM
1663 531 2806 669 VlVENTIUM.

1318 780 1380 866 Ῑ.
1444 781 1964 894 Prolegomenae.

415 969 441 1013 1
458 987 478 1009 .
514 963 524 975 ·
545 956 566 1008 x*
593 968 600 1015 4
690 969 708 1014 ς
761 948 812 972 ⁶⁴
831 958 879 975 “³
911 1000 914 1002 .
950 944 978 952 ³
1010 970 1033 1022 χι
1063 953 1084 1007 (ι’
1142 930 1217 1002 Ν
1242 954 1407 1005 terra
1421 937 1836 1006 inveniuntur
1853 923 2135 1034 corpora
2156 932 2278 1008 alia
2297 937 2419 1009 vita
2438 944 2727 1030 expmia',
2760 969 2836 1018 ut

603 1024 615 1047 ¹
995 1006 1098 1289 Ἣ(
1141 1026 1276 1105 fere
1294 1039 1520 1106 omnia
1538 1028 1776 1104 foffilia
1798 1089 1821 1121 ‚
1846 1033 2138 1134 lapides,
2165 1034 2461 1122 metalla3
2499 1036 2621 1109 alia
2647 1046 2782 1118 viva
2799 1100 2825 1133 ,

856 1135 944 1229 ἐς
1013 1156 1049 1217 11
1075 1132 1077 1151 ³
1139 1154 1212 1205 ut
1233 1134 1469 1233 plantae
1490 1140 1561 1204 δε
1584 1134 1911 1208 animalia.

854 1262 862 1277 ·
900 1238 903 1240 ’
1020 1232 1083 1304 4
1238 1232 1542 1333 Qndo
1568 1255 1789 1307 autem
1810 1262 1885 1309 ex
1900 1234 2141 1309 horum
2166 1239 2523 1310 viventium
2543 1259 2822 1316 numero

676 1392 692 1410 Γ
735 1330 753 1413 ξ
853 1309 1099 1435 ναι-’,μί’
1135 1359 1421 1434 corpora
1437 1358 1705 1431 quoque
1722 1335 1936 1406 nostra
1951 1335 2116 1421 sunt,
2136 1343 2207 1408 δε
2223 1362 2368 1445 quae
2383 1335 2656 1408 existunt
2673 1337 2825 1428 alia,

706 1422 736 1451 '⁴
840 1413 1072 1531 Qssffi
1134 1433 1634 1534 quamplurimis
1652 1435 1868 1503 modis
1887 1433 2149 1505 homini
2166 1439 2515 1508 inserviunt
2530 1487 2554 1522 ‚
2594 1447 2821 1513 omnia

1126 1537 1416 1634 denique
1437 1529 1821 1632 singularem
1843 1536 1973 1604 Dei
1999 1529 2374 1631 sapientiam
2397 1587 2419 1615 ‚
2442 1535 2816 1613 bonitatem

383 1647 459 1714 δι
485 1638 859 1734 potentiam
898 1637 1394 1722 demonstrant,
1428 1656 1661 1706 corum
1691 1631 2173 1732 contemplatio
2194 1632 2533 1732 Phyficum
2552 1636 2653 1715 vel
2674 1665 2817 1714 rna-

382 1735 556 1815 ximss
577 1731 794 1810 decet.
1547 1754 1558 1835 ι’
2039 1751 2044 1756 ’
2451 1785 2454 1788 1

440 1930 444 1934 ⁴
478 1865 513 1935 3
530 1889 550 1910 .
601 1837 1227 1943 Contemplabirnur
1259 1843 1459 1943 igitur
1497 1860 1779 1938 corpora
1807 1838 2091 1910 viventia
2103 1835 2322 1937 primo
2341 1838 2619 1938 quidem
2630 1867 2814 1937 gene.

373 1944 553 2036 ratim
568 1991 594 2028 ,
628 1935 983 2016 secundum
1001 1969 1076 2014 ea
1095 1970 1242 2044 quae
1258 1936 1574 2016 omnibus
1595 1936 2111 2038 quodammodo
2130 1947 2519 2015 communia
2539 1938 2583 2012 s
2568 1966 2709 2017 unt.

468 2069 539 2132 4.
588 2035 852 2115 Deinde
875 2047 1031 2118 vero
1041 2035 1340 2140 speciatim
1356 2039 1441 2114 ad
1461 2038 1839 2124 Plantarurn
1860 2039 2343 2117 &Animalium
2364 2095 2387 2129 ,
2411 2041 2697 2143 denique
2715 2043 2806 2121 ad

367 2146 680 2217 Hominis
696 2144 1024 2220 theoriam
1047 2152 1339 2220 animum
1354 2138 1856 2248 applicabimus.

465 2268 539 2340 5.
584 2250 667 2316 In
689 2248 973 2346 generali
1012 2253 1082 2318 &
1121 2250 1466 2319 communi
1504 2243 1763 2316 theoria
1778 2242 1996 2341 primo
2012 2242 2284 2341 quidem
2302 2239 2672 2339 differentia
2694 2249 2797 2320 vi-

361 2347 654 2511 ¹{entium
686 2354 755 2415 δε
779 2371 921 2418 non
951 2351 1312 2420 viventium
1339 2342 1824 2445 investiganda,
1854 2365 1926 2413 ut
1953 2340 2113 2416 illud
2135 2396 2157 2433 ,
2192 2349 2411 2443 inquo
2429 2354 2563 2421 vita
2579 2346 2797 2418 consi-

439 2463 505 2527 t,
536 2465 914 2527 invematur.

669 2601 711 2683 I
726 2605 793 2687 I.
860 2602 1288 2686 {liventium
1313 2602 1406 2697 ἀ·
1421 2631 1561 2681 non
1581 2604 1998 2685 viventium
2018 2600 2459 2711 dffrentiae.

453 2745 524 2807 6.
573 2728 914 2827 Differ-unt
943 2754 1166 2805 autem
1195 2736 1508 2809 Viventia
1525 2732 1717 2804 anon
1740 2727 2108 2805 viventibus
2125 2782 2147 2815 ,
2182 2731 2371 2830 quod
2391 2729 2634 2803 horum
2651 2783 2680 2817 ,
2711 2757 2786 2807 ut

353 2860 511 2909 ecce
533 2833 833 2937 lapidum
852 2889 878 2923 ,
916 2832 1333 2907 metallorum
1351 2843 1420 2907 δε
1445 2831 1845 2932 reliquorum
1865 2827 2176 2904 foffilium
2191 2882 2213 2916 ,
2234 2834 2479 2934 integra
2499 2855 2782 2931 corpora

349 2933 464 3009 sub
497 2934 796 3037 qualibet
825 2936 1037 3038 figura
1055 2933 1329 3008 sensibili
1349 2930 1689 3007 confistete
1712 2929 2005 3036 possunt:
2041 2953 2109 3005 at
2124 2931 2451 3033 plantae&
2471 2933 2779 3009 animalia

349 3060 596 3110 certam
599 3038 851 3134 figuram
872 3034 1229 3137 postulant.
2599 3100 2610 3112 .

442 3167 510 3236 7.
566 3142 753 3209 Hinc
784 3134 930 3211 solis
973 3135 1363 3211 viventibus
1398 3132 1781 3211 adscribitur
1818 3160 2057 3234 corpus
2072 3137 2398 3229 organicam
2416 3186 2440 3222 ‚
2482 3135 2617 3209 hoc
2637 3137 2727 3208 est
2747 3190 2773 3225 ,
2892 3146 2908 3163 ‘

347 3242 539 3310 variis
555 3242 817 3339 organis
834 3237 1184 3338 praeditum
1209 3292 1232 3324 ,
1264 3234 1634 3335 cujusmodi
1652 3235 1793 3318 sunt
1813 3241 1882 3308 in
1902 3237 2129 3309 Planta
2144 3236 2323 3308 radix
2343 3289 2365 3322 ,
2396 3237 2594 3311 caulis
2607 3293 2632 3328 ‚
2667 3262 2769 3310 ra-

343 3361 494 3410 mus
514 3388 539 3423 ‚
578 3336 859 3412 surculus
880 3349 1012 3412 &c.
1035 3343 1103 3409 in
1127 3337 1423 3410 Animali
1444 3361 1642 3438 caput
1656 3382 1681 3414 2
1700 3365 1779 3410 os
1795 3388 1816 3416 ,
1840 3359 2067 3410 venter
2082 3343 2213 3410 &c.
2612 3344 2650 3362 “’

443 3440 511 3509 8.
567 3442 793 3535 Major
823 3445 1045 3539 itaque
1085 3463 1451 3540 corporum
1482 3443 1843 3511 viventium
1852 3437 2205 3531 pulchritudo
2219 3436 2346 3515 est,
2387 3452 2706 3534 quatenus
2726 3438 2767 3511 ὲ

337 3540 654 3631 varietate
672 3536 939 3637 quidem
959 3565 1038 3610 ea
1055 3541 1398 3613 aestimatur
1420 3537 1540 3612 Ph.
1562 3564 1602 3627 9
1619 3567 1645 3611 1
1660 3567 1719 3636 ‚3
1734 3540 1772 3613 8
1785 3557 1852 3610 6.
1866 3535 2111 3611 Saltem
2129 3544 2197 3608 in
2218 3534 2352 3609 aliis
2367 3532 2764 3635 corporibus

339 3660 519 3712 tanta
535 3642 811 3713 varietas
831 3633 1005 3734 sensu
1025 3666 1163 3712 non
1182 3643 1565 3740 percipitur.
2663 3642 2666 3645 “

436 3769 502 3833 9.
556 3736 805 3833 Adhaec
830 3745 1131 3814 vivorum
1168 3766 1525 3841 corporum
1564 3740 1702 3811 talis
1731 3737 1820 3808 est
1852 3760 2127 3820 textura,
2161 3756 2234 3806 ut
2252 3738 2620 3807 innumeras
2640 3731 2762 3813 ha..

334 3835 542 3911 beant
552 3843 729 3937 fibra
762 3836 869 3913 seu
897 3838 1005 3911 fila
1036 3848 1108 3912 δε
1140 3838 1330 3916 villos
1348 3894 1368 3922 ,
1403 3839 1476 3911 id
1497 3841 1590 3912 est
1608 3891 1632 3926 ‚
1678 3843 2112 3911 extremitates
2123 3839 2404 3935 partium
2420 3860 2501 3907 ex
2518 3835 2759 3934 quibus

327 3941 673 4139 &ustauh
703 3944 876 4020 inter
903 3966 1075 4042 quas
1083 3947 1241 4046 pori
1259 3936 1964 4119 qmmpludmiiqsaepe
1984 3933 2345 4012 etiamiatis
2368 3937 2520 4021 lati,
2559 3957 2762 4099 gntehr-

522 4064 574 4129 t·
655 4062 663 4068 ’
1512 4108 1519 4117 .
1801 4067 1869 4117 Ὶει
1927 4069 1964 4120 2
2510 4060 2542 4106 1
2614 4081 2643 4103 ..
