3391 4418
617 189 760 253 roo
1263 145 2343 236 Dr'svaATro

599 280 778 357 mine
817 266 1219 370 appellamus
1241 310 1264 344 ‚
1292 263 1705 361 eandemque
1746 255 2187 332 extentionem
2219 265 2284 328 in
2317 255 2527 358 specie
2548 252 3043 336 considerathm2

602 375 753 446 huic
773 366 886 443 aut
905 369 994 441 illi
1014 371 1320 466 corpori,
1351 365 1529 462 quod
1552 390 1619 435 1n
1639 359 1843 462 spatio
1861 358 1981 432 esse
1998 358 2282 430 dicimus
2304 404 2333 436 ‚
2369 357 2816 432 attribuimus.
2897 392 2905 399 ·

714 500 797 564 3..
829 476 905 543 Et
942 467 1513 566 quemadmodum
1555 466 1834 535 Materia
1867 461 2156 531 universe
2195 458 2477 559 spestata
2508 459 2686 530 idem
2720 462 2811 531 est
2843 462 3042 560 quod;

582 566 844 670 ⁴corpus
878 574 945 639 in
979 592 1214 667 genere
1232 620 1252 651 ‚
1294 565 1445 636 licet
1481 567 1989 661 concipiatuffut
2008 561 2258 655 aliquid
2283 584 2357 627 ex
2381 585 2486 650 quo
2506 583 2745 659 corpus
2765 560 2898 633 hoc
2915 587 3039 632 aut

606 671 770 744 illud
796 699 814 740 ι
852 675 939 740 ita
956 669 1224 768 spatium
1246 662 1444 764 reipsa
1466 690 1602 734 non
1625 660 1897 733 differta
1925 685 2205 757 corpore
2225 711 2245 743 ‚
2276 666 2569 756 quamvis
2583 659 3030 734 consideretur

609 797 682 844 ut
704 769 951 866 aliquid
970 793 1028 838 m
1045 792 1150 859 quo
1168 790 1403 864 corpus
1422 764 1551 835 hoc
1571 788 1680 833 aut
1702 762 1882 831 illud.
1921 766 2181 860 Species
2201 768 2271 831 &
2293 759 2707 831 individuum
2729 761 3045 834 dicuntur.

609 870 730 957 esse
764 876 829 940 in
861 893 1138 969 genere,
1177 892 1248 947 ut
1279 872 1505 937 Petrus
1537 872 1620 933 inf
1642 863 1953 945 homine,
1989 860 2199 929 homo
2236 865 2300 928 in
2319 860 2582 1029 apimali
2607 914 2628 946 ,
2664 888 2787 932 nec
2809 887 3047 951 tamen.

608 973 764 1041 ideo
785 966 1002 1039 differt
1019 994 1236 1038 revera
1261 971 1484 1037 Petrus
1499 964 1582 1033 ab
1602 963 1876 1033 homine
1897 960 2305 1047 vel-animali.
2414 984 2580 1030 artes
2598 988 2833 1034 omnes
2851 962 3051 1032 simul.

616 1075 853 1169 junetae
874 1067 1181 1140 dicuntur
1194 1065 1315 1138 csse
1333 1072 1398 1135 in
1413 1087 1564 1134 toto
1585 1117 1605 1147 ,
1638 1072 1705 1134 &
1730 1086 1947 1132 tamen
1966 1059 2143 1129 idem
2159 1056 2415 1157 prorsus
2431 1056 2572 1130 sunt
2586 1061 2769 1159 quod
2792 1085 3037 1133 totum.

714 1195 783 1266 4.
838 1174 924 1239 At
961 1174 1174 1264 inquis
1197 1221 1218 1253 ,
1250 1162 1688 1262 compositum
1726 1187 1864 1230 non
1903 1160 2117 1257 potest
2148 1156 2433 1228 deserere
2452 1158 2627 1232 suam
2649 1167 2984 1232 materiam
3013 1158 3045 1237 ,'

621 1296 744 1341 nec
773 1267 1179 1339 individuum
1215 1263 1393 1335 suum
1428 1290 1628 1361 genus
1663 1260 2000 1337 abdicare,
2036 1284 2161 1328 nec
2183 1282 2392 1356 partes
2410 1284 2622 1332 totum
2642 1260 2819 1333 suum
2841 1263 3053 1347 eelim,

621 1395 843 1470 quere.
874 1372 1136 1467 Corpus
1158 1366 1313 1436 vero
1333 1362 1597 1462 spatium
1620 1359 1798 1432 suum
1813 1358 2068 1441 deserit,
2087 1367 2156 1430 &
2175 1383 2397 1430 manet
2415 1359 2840 1434 nihilomiuus
2859 1362 3042 1431 idem

623 1495 858 1569 corpus
881 1513 902 1543 2
950 1490 1172 1538 manet
1205 1467 1377 1535 idem
1405 1464 1695 1561 spatium.
1765 1465 1938 1558 Ergo
1976 1467 2188 1553 major
2217 1464 2383 1528 inter
2408 1457 2674 1557 spatium
2708 1470 2775 1533 δι
2806 1486 3059 1561 corpus

621 1569 662 1639 s
692 1577 827 1640 atio
866 1584 1253 1639 contentum
1295 1561 1655 1635 differentia
1687 1558 1809 1631 effe
1854 1557 2109 1630 videtur
2135 1611 2155 1642 ‚
2205 1558 2401 1654 quam
2444 1567 2618 1631 inter
2661 1560 2767 1632 illa
2806 1587 3059 1662 praece-

623 1598 871 1740 Sentiat.
2330 1690 2338 1701 ·

637 1814 646 1819 μ
731 1796 795 1865 5.
845 1763 1042 1866 Resp.
1066 1768 1378 1867 Corpora
1398 1763 1501 1837 sua
1519 1763 1712 1864 spatia
1727 1760 1937 1833 secum
1958 1758 2235 1833 afferunt
2254 1770 2323 1833 &
2340 1757 2674 1846 auferunt,
2708 1787 2782 1833 ac
2807 1759 2852 1832 fi
2874 1762 3048 1833 nulla

623 1868 823 1941 essent
857 1892 1173 1966 corpora,
1207 1869 1276 1937 id
1307 1868 1396 1937 est
1419 1920 1439 1950 ,
1476 1863 1519 1946 si
1553 1865 1729 1937 nulla
1766 1863 2027 1933 daretur
2054 1859 2379 1939 extensio,
2422 1860 2595 1932 nulla
2613 1869 2812 1933 etiam
2829 1858 3060 1934 forent.

621 1968 845 2069 spatia.
895 1971 1042 2038 Sive
1059 1972 1250 2066 igitur
1272 1965 1447 2036 dicas
1476 2019 1495 2048 ‚
1532 1989 1768 2062 corpus
1790 1959 2061 2060 aliquod
2092 1960 2220 2031 hoc
2238 1958 2508 2059 spatium
2525 1964 2849 2062 occupare
2874 2016 2895 2048 ,
2923 1960 3049 2033 sive

623 2065 946 2147 affirmes,
983 2060 1391 2135 illud-tantam
1406 2068 1979 2157 mundipartemeffe,
2015 2055 2270 2159 prorsus
2288 2058 2463 2129 idem
2480 2057 2817 2165 significas,
2856 2066 3048 2137 .Cor-

621 2188 745 2269 pus
776 2164 1140 2268 relinquere
1162 2161 1436 2264 spatium
1462 2159 1573 2235 seu
1607 2154 1831 2237 locum
1857 2164 2143 2258 aliquem
2160 2155 2710 2236 desereredicitur
2731 2217 2751 2244 ‚
2784 2168 3048 2262 quoties

621 2264 1187 2365 magnitudinem,
1229 2265 1502 2366 figuram
1539 2272 1622 2337 &-
1643 2260 1836 2333 situm
1870 2260 2049 2348 suum
2073 2267 2240 2330 inter
2259 2284 2432 2331 certa
2450 2262 2748 2359 quaedam
2768 2291 2854 2336 co
2935 2291 3050 2337 ora

627 2393 765 2438 non
801 2361 1024 2436 servat.
1077 2366 1318 2464 Neque
1351 2371 1523 2437 enim
1565 2359 1881 2434 diversum
1914 2360 2077 2459 quid
2107 2357 2189 2431 ab
2205 2357 2306 2430 his
2330 2367 2598 2435 nomina
2619 2367 2750 2436 loci
2775 2291 3054 2466 &iiiam

623 2471 696 2538 in
713 2467 822 2538 ista
848 2462 1052 2564 phrasi
1075 2464 1464 2568 designant„
1511 2511 1516 2514 ,
1581 2511 1612 2518 ι-
1651 2555 1654 2556 ⁷
1744 2511 1751 2520 ·
1908 2515 1911 2518 ι
2135 2459 2142 2466 ’
2778 2523 2786 2528 .

725 2576 793 2640 6.
854 2565 1129 2638 Nullum
1161 2569 1441 2668 proinde
1464 2591 1707 2664 corpus
1738 2563 2045 2638 absolute·
2073 2566 2414 2665 loquendo
2446 2567 2754 2668 relinquit
2778 2566 3055 2668 spatium

624 2666 805 2742 suum
823 2719 848 2753 ,
880 2666 1011 2739 hoc
1026 2669 1151 2754 est,
1189 2666 1514 2742 extensum
1533 2666 1653 2739 effi?
1674 2666 1940 2738 definit:
1974 2692 2037 2738 at
2052 2665 2482 2740 solummodo
2503 2722 2523 2754 ,
2544 2667 3056 2766 quotieslocum

627 2791 837 2842 mutat
854 2821 876 2855 ‚
897 2767 1123 2841 desinit
1140 2770 1426 2842 eundem
1441 2766 1825 2839 ordinem&
1848 2765 2235 2839 relationem
2254 2766 2495 2839 habete
2515 2771 2593 2855 ad
2612 2769 2735 2840 alia
2755 2767 3057 2868 q'uaedam

628 2868 909 2966 corpora
933 2871 1403 2939 circumstantia
1422 2922 1442 2952 ,
1479 2894 1594 2965 per
1619 2893 1763 2964 quae
1784 2867 2006 2937 locum
2024 2877 2163 2962 ejus
2185 2865 2566 2947 definimus,
2615 2875 2877 2967 quoties
2892 2866 3076 2942 illud-

629 2966 738 3036 hic
759 2988 869 3034 aut
887 2963 977 3034 ibi
1001 2964 1121 3034 effe
1142 3017 1162 3047 ,
1203 2964 1329 3036 huc
1349 2989 1460 3035 aut
1478 2965 1630 3034 illuc
1649 2968 1868 3035 venire
1889 3010 1913 3040 ‚
1947 2964 2101 3036 hinc
2126 2992 2232 3039 aut
2252 2967 2427 3038 illinc
2442 2966 2618 3039 abire
2634 2972 2936 3043 dicimus.

734 3091 803 3153 7.
856 3060 1308 3135 Extensionem
1351 3060 1538 3162 spatii
1563 3067 1628 3136 in
1665 3060 1811 3136 vase
1838 3062 2400 3175 eandem-semper
2436 3094 2697 3140 manere
2735 3068 3053 3150 dicimuS,

681 3161 947 3235 uamdiu
979 3188 1217 3261 nempe
1253 3191 1368 3237 vas
1383 3163 1560 3235 idem
1576 3184 1836 3247 manet3
1875 3159 2006 3232 hoc
2026 3166 2115 3234 est
2140 3220 2162 3251 ‚
2199 3165 2595 3239 affirmamus
2614 3168 3055 3241 extensionem

631 3193 881 3361 {emper
902 3259 1022 3332 esse
1046 3263 1359 3360 aequalem
1379 3322 1397 3347 ,
1435 3261 1587 3333 licet
1605 3270 1737 3357 jam
1758 3274 1864 3333 aer
1884 3316 1902 3340 ,
1922 3271 2054 3360 jam
2074 3291 2239 3364 aqua
2257 3320 2277 3350 ,
2294 3268 2424 3354 jam
2448 3293 2666 3355 arena,
2691 3271 2823 3360 jam
2841 3270 3058 3369 plum-

632 3364 797 3437 bum
835 3367 903 3432 in
944 3358 1079 3432 vase
1121 3371 1568 3443 contineatur,
1602 3362 1735 3433 hoc
1757 3361 2011 3433 estlicet
2025 3364 2137 3436 ista
2161 3363 2444 3437 extensio
2459 3375 2589 3461 jam
2613 3369 2748 3441 hoc
2764 3379 2895 3464 jam
2916 3367 3053 3439 alio

631 3460 1306 3540 mod0.determinata
1338 3490 1413 3535 ac
1444 3461 1727 3535 formata
1764 3461 1840 3533 sit
1880 3515 1902 3547 ‚
1954 3465 2323 3538 inodo'hoc
2345 3521 2364 3553 ,
2396 3467 2625 3539 modo·
2644 3469 2757 3543 illo
2790 3475 3059 3556 nomine

637 3562 1019 3666 appelletur.
1381 3629 1390 3636 ,
1722 3619 1727 3630 ,

736 3667 803 3738 8.
856 3659 1320 3762 Qmobrem
1345 3659 1390 3731 fi
1426 3656 1919 3758 spatiumomne
1936 3660 2286 3762 ipsummet
2303 3664 2628 3741 extensum
2646 3669 2743 3738 'est
2760 3677 2831 3740 δε
2854 3667 2888 3737 εὶ
2910 3693 3062 3737 cor-

677 3790 800 3840 ,ore
841 3787 978 3832 non
1003 3759 1258 3844 differt,
1296 3785 1404 3832 aut
1420 3761 1592 3832 cette
1612 3759 1654 3832 fi
1673 3757 1946 3862 spatium
1967 3762 2204 3860 absque
2222 3766 2595 3857 extensione
2620 3770 2890 3866 eogitari
2914 3766 3057 3837 nul-

633 3793 774 3936 fum
812 3861 1025 3963 potest
1060 3855 1237 3953 (Broc
1271 3868 1445 3934 enirn
1477 3859 1672 3934 nobis
1702 3870 1766 3933 in
1800 3860 2121 3960 praesentia
2154 3861 2425 3956 suffieit)
2468 3890 2760 3966 apertum
2781 3875 3065 3936 omnino

635 3964 770 4054 est,
796 3988 937 4042 non
972 3961 1152 4069 posse
1184 3962 1325 4038 dari
1358 3960 1630 4068 spatium
1657 3957 2116 4066 philosophice
2137 3959 2479 4064 loquendo
2502 3988 2781 4052 vacuum,
2818 3961 2954 4032 hoc
2973 3968 3065 4056 est

2690 4099 2703 4106 “
2828 4088 3089 4166 mql¹0³
