3391 4418
969 154 2168 245 CONTRACTA.
2694 164 2786 269 83

349 271 619 377 'spiritus
660 275 862 344 ae‘rius
896 265 1218 341 bullarum
1250 271 1560 341 cavitates
1584 267 1871 369 replens,
1910 272 1947 343 ὲ
1968 267 2202 344 viscosa
2228 293 2449 344 autem
2473 268 2794 348 bullarum

353 372 691 476 'particulae
709 395 1118 473 generantur.
1178 367 1438 444 Confer
1457 371 1517 470 §.
1556 398 1764 462 1014.

463 502 490 547 1
508 499 667 571 140.
718 479 805 546 At
821 469 868 544 fi
893 469 1233 545 motusille
1253 472 1484 545 caloris
1502 499 1640 545 non
1663 470 1913 574 superet
1928 472 2341 573 gravitatem,
2358 478 2629 544 materia
2646 498 2788 548 non

346 572 653 647 dilatatur
671 600 792 646 nec
812 575 1048 647 rarefit.

460 700 483 745 1
509 702 663 773 141.
719 679 899 747 Hinc
941 671 1267 777 particulae
1300 671 1545 745 metalli
1583 691 1694 743 aut
1725 677 1870 745 vitri
1886 670 2221 771 liquefacti
2249 700 2387 745 non
2414 673 2684 748 avolant
2711 682 2777 749 in
2840 682 2846 689 '

342 774 614 877 amplius
634 772 904 877 spatium
932 827 952 861 ,
997 779 1308 873 quoniam
1335 777 1430 845 vis
1453 777 1869 874 gravitatisin
1888 779 1961 846 iis
1978 783 2194 870 major
2208 775 2319 845 est.

451 904 479 950 1
502 899 663 967 142.
713 881 825 949 111.
871 881 1181 976 Corpora
1215 871 1455 971 quibus
1481 872 1693 946 insunt
1716 874 1933 945 multae
1948 874 2282 975 particule
2301 899 2555 956 tenues,
2589 875 2782 946 flexi-

342 975 432 1047 les
453 1029 474 1062 ,
505 974 766 1047 lubricae
794 1029 815 1061 ‚
855 976 997 1048 aliis
1036 972 1445 1047 craffioribus
1466 1000 1579 1046 aut
1596 971 1863 1068 ramofis
1879 976 2235 1047 intertextae
2254 1027 2275 1060 ,
2305 970 2413 1044 sed
2434 999 2570 1044 non
2587 973 2774 1047 valde

337 1078 612 1149 firmiter
630 1096 888 1147 annexae
910 1127 932 1158 ‚
970 1073 1170 1146 veluti
1190 1073 1400 1145 lutum
1419 1074 1521 1144 vel
1541 1100 1788 1173 pannus
1809 1100 1978 1171 aqua
2001 1074 2308 1147 madidus
2331 1128 2353 1159 ,

337 1201 350 1208 ·
445 1204 470 1247 1
495 1203 650 1272 143.
705 1178 734 1241 1
780 1179 845 1241 ni
863 1173 1135 1245 admota
1152 1176 1401 1270 priores
1413 1172 1754 1271 particulas
1775 1172 2147 1271 exhalant§.
2176 1201 2205 1245 1
2229 1201 2248 1245 ι
2268 1200 2303 1244 2
2320 1200 2381 1244 2.
2404 1178 2467 1243 &
2487 1170 2654 1241 hoci
2706 1170 2775 1244 so

321 1279 612 1372 siccantur
634 1329 651 1354 ,
694 1200 778 1341 i}
786 1273 877 1341 est
900 1325 921 1356 ,
950 1270 1307 1342 liberantur
1320 1270 1536 1341 fluidis
1556 1270 1678 1341 illis
1701 1273 2029 1369 particulis
2049 1326 2069 1356 ,
2096 1298 2239 1369 quae
2263 1273 2417 1341 cum
2439 1266 2622 1339 fimul
2661 1294 2774 1342 unt

247 1436 250 1441 .
339 1393 754 1469 congregatae
795 1373 860 1446 §.
887 1395 1095 1461 1049.
1129 1394 1372 1465 aquam
1405 1369 1685 1436 aliumve
1724 1370 2050 1461 liquorem
2086 1390 2526 1465 componunt.
2598 1371 2778 1439 Hinc

341 1478 548 1542 etiam
571 1492 855 1567 corpora
875 1470 1218 1537 indurantur
1240 1520 1260 1551 ,
1301 1489 1374 1537 ut
1392 1462 1579 1565 patet
1601 1469 1666 1532 in
1697 1462 1840 1534 luto
1861 1506 1881 1541 2
1926 1472 1996 1535 δε
2029 1472 2178 1564 pori
2203 1463 2391 1536 multi
2411 1466 2738 1536 arctantur
2757 1511 2780 1547 ‚

347 1570 490 1638 aliis
509 1590 738 1637 contra
754 1565 1036 1635 dilatatis
1056 1565 1117 1664 §.
1149 1570 1312 1636 866.

455 1693 481 1741 1
508 1692 532 1738 1
548 1694 667 1755 44.
722 1665 902 1739 Cum
925 1668 1079 1735 vero
1096 1670 1369 1766 pingues
1386 1662 1682 1760 liquores
1703 1686 1841 1733 non
1857 1686 1989 1733 tam
2005 1659 2196 1736 facilc
2218 1665 2259 1738 ὁ
2272 1686 2497 1763 panno
2519 1659 2776 1763 aliisque

338 1766 416 1838 id
455 1770 664 1864 genus
704 1761 1093 1864 corporibus
1112 1818 1133 1849 ,
1175 1765 1277 1837 vel
1314 1769 1465 1864 igne
1502 1760 1603 1833 vel
1642 1787 1843 1835 vento
1883 1771 2288 1836 excutiantur
2308 1817 2329 1849 ‚
2366 1761 2775 1837 manifestum

334 1869 433 1939 est
456 1919 477 1951 ,
510 1864 642 1937 olei
675 1864 1021 1965 particulas
1050 1890 1190 1935 non
1211 1861 1331 1935 effe
1356 1860 1550 1932 instar
1578 1887 1765 1960 aquae
1788 1864 2259 1963 particularum
2277 1858 2556 1953 lubricas
2578 1872 2649 1937 &
2669 1864 2778 1951 Ιβ-

333 1991 490 2055 veS,
521 1990 590 2038 at
600 1971 830 2066 potius
857 1960 1137 2034 ramosas
1162 1973 1231 2036 &
1252 1960 1686 2062 implicantes,
1830 2042 1833 2047 ‚
2256 2048 2263 2053 .

442 2095 470 2140 1
497 2088 657 2162 145.
709 2062 924 2139 Unde
985 2068 1181 2133 etiam
1224 2061 1446 2133 oleum
1485 2086 1842 2133 commune
1878 2057 2121 2163 frigore
2155 2065 2348 2134 citius
2377 2062 2773 2167 'coagulatur

213 2235 216 2240 ,
251 2211 262 2221 -
326 2165 527 2267 quam
546 2190 747 2264 aqua:
785 2160 979 2263 quod
1001 2165 1091 2235 est
1115 2159 1628 2236 consentaneum
1648 2167 1722 2234 iis
1740 2188 1882 2262 quae
1903 2160 2257 2236 habuimus
2276 2164 2333 2264 §.
2365 2178 2522 2262 264.
2545 2172 2672 2263 841
2687 2221 2705 2240 .

441 2295 467 2338 1
493 2296 515 2339 ι
531 2275 649 2359 46.
704 2271 977 2368 Signum
1003 2289 1115 2338 aut
1138 2265 1311 2338 certe
1336 2261 1605 2340 effedkus
1624 2263 1790 2365 ignis
1808 2266 1898 2336 est
1913 2277 2117 2337 fumus
2139 2319 2161 2356 ,
2191 2261 2425 2340 sensilis
2442 2292 2555 2340 aut
2567 2265 2783 2340 insen-

336 2362 462 2439 filis
478 2375 538 2468 §.
556 2393 641 2462 41
665 2395 688 2438 1
704 2420 722 2439 .
1984 2443 1987 2446 ,

334 2505 341 2528 ·
448 2489 656 2561 1147.
713 2470 943 2537 Oritur
976 2463 1083 2534 ille
1117 2463 1278 2537 dum
1304 2460 1563 2535 excuffae
1586 2462 1671 2534 ab
1698 2471 1855 2567 Igne
1869 2465 2235 2566 particulae,
2264 2466 2347 2540 ad
2370 2491 2634 2540 motum
2656 2474 2776 2540 mi-

340 2589 463 2638 nus
485 2591 650 2667 aptae
676 2618 699 2651 ,
733 2585 848 2664 per
869 2567 1084 2636 a‘e'rem
1102 2566 1342 2637 tardius
1365 2562 1589 2637 volant
1609 2569 1671 2642 §.
1694 2579 1856 2662 265.
1889 2594 2062 2665 909.
2095 2591 2140 2658 9
2155 2594 2184 2660 5
2200 2594 2265 2657 4.
2340 2599 2343 2608 ²
2754 2579 2759 2584 ’

414 2694 440 2738 1
467 2670 591 2763 148
603 2722 616 2735 .
636 2670 743 2738 Sic
760 2675 927 2735 terra
940 2679 1204 2764 quoque
1222 2663 1431 2737 fumat
1444 2663 1729 2736 hiberno
1744 2663 1961 2738 effossa
1978 2691 2582 2767 tempore,propter
2594 2666 2793 2738 calo--

336 2793 476 2840 rem
495 2766 940 2840 inhaerentem.
953 2765 1156 2840 Unde
1171 2772 1274 2839 nix
1288 2770 1422 2840 cito
1439 2764 1873 2864 liquefit,quae
1886 2793 2042 2868 agro
2061 2766 2240 2839 cadit
2256 2793 2477 2839 recens
2490 2766 2771 2840 inarato.

446 2895 474 2942 1
499 2895 660 2960 149.
712 2865 1019 2937 Tandem
1047 2871 1201 2962 Ignis
1228 2873 1434 2960 (voce
1465 2866 1653 2939 latius
1685 2872 1988 2967 accepta)
2025 2869 2114 2941 est
2134 2870 2239 2941 vel
2268 2866 2497 2942 tantam
2520 2869 2772 2954 lucidus,

339 2989 412 3042 ut
430 2971 699 3070 inlignis
723 2964 1032 3064 putridis3
1639 3019 1644 3026 -
2564 3061 2567 3064 Ἴ

445 3096 471 3139 1
494 3096 650 3163 150.
702 3065 835 3141 Vel
867 3066 1093 3137 tantam
1117 3064 1365 3152 calidus,
1402 3089 1475 3138 ut
1493 3071 1561 3137 in
1585 3066 1749 3140 fimo
1775 3093 1886 3141 aut
1904 3066 2094 3140 foeno'
2121 3067 2526 3168 putrescente
2545 3123 2566 3156 ,
2610 3074 2770 3145 item

339 3175 407 3242 in
423 3167 725 3270 sanguine
742 3169 1152 3250 animalium3
1197 3163 1487 3262 (Confer
1505 3169 1568 3242 §.
1596 3194 1624 3245 ,ι
1648 3196 1673 3238 1
1699 3197 1720 3239 1
1736 3197 1799 3241 0.
1845 3196 1911 3241 11
1930 3197 1950 3238 1
1972 3179 2080 3267 9.·)

445 3296 655 3366 1151.·
701 3261 833 3342 Vel
872 3265 1118 3339 calidus
1152 3273 1224 3337 δε
1255 3262 1514 3340 lucidus
1543 3262 1765 3353 fimul,
1810 3277 1924 3365 qui
1949 3265 2228 3338 demum
2248 3264 2575 3369 perfectus
2598 3274 2770 3372 Ignis

341 3369 580 3442 censeri
601 3367 821 3440 debet.
844 3371 904 3468 §.
934 3374 1135 3460 1098.
1156 3361 1289 3462 seq.
2800 3373 2807 3378 ’

446 3497 471 3542 1
503 3497 525 3540 1
546 3494 651 3562 52.
695 3474 869 3570 Ignis
892 3469 1080 3563 hujus
1100 3462 1360 3537 visibilis
1381 3473 1450 3537 8<
1467 3464 1749 3537 ardentis
1760 3489 1908 3565 pars
1927 3469 2201 3539 minima
2221 3493 2494 3540 vocatur
2497 3468 2777 3562 fiintilla,

340 3596 483 3667 quae
521 3574 610 3643 ita
644 3570 1077 3669 componitur
1114 3592 1189 3636 ex
1217 3565 1515 3665 plurimis
1546 3568 1881 3665 particulis
1902 3567 2188 3642 mater'iae
2221 3574 2416 3669 primi
2450 3566 2555 3640 vel
2576 3570 2773 3638 eriam

338 3675 509 3742 tertii
526 3671 835 3740 elementi
853 3724 874 3755 ,
910 3691 982 3740 ut
998 3689 1180 3767 gutta
1200 3692 1277 3735 ex
1298 3664 1595 3766 plurimis
1611 3667 1927 3772 vaporum
2002 3669 2280 3740 articulis
2298 3671 2360 3769 §.
2384 3696 2411 3741 1
2426 3681 2517 3761 '04
2531 3696 2567 3759 9
2581 3715 2596 3741 .

441 3798 469 3843 1
489 3791 644 3865 153.
697 3773 832 3840 Hic
854 3773 1023 3870 ignis
1053 3766 1158 3837 vel
1183 3761 1453 3866 spatium
1473 3765 1748 3866 aliquod
1769 3775 1930 3840 ae’ris
1974 3767 2119 3839 olus
2142 3776 2474 3867 occupat,
2511 3768 2789 3869 expulsis·

341 3868 493 3944 inde
581 3867 827 3942 lobulis
863 3863 1223 3942 caelestibus
1244 3912 1266 3944 ‚
1312 3893 1388 3937 ac
1419 3865 1652 3946 dicitur
1682 3872 1993 3970 Flamma3
2027 3870 2130 3943 vel
2150 3875 2219 3942 in
2228 3876 2410 3974 poris
2425 3872 2682 3943 tantum
2707 3878 2810 3943 &-

338 3978 537 4047 meati
591 3997 663 4045 us
683 3974 1454 4074 corporumcontinetur.
1638 3967 1648 3980 '
1772 4001 1779 4004 -
1852 3965 1875 3974 ”
1928 3971 1961 4035 ’.
2056 3969 2079 4021 »Γ
2160 4003 2165 4006 ⁴
2282 4005 2287 4010 -
2384 4009 2389 4012 Δ
2460 4003 2467 4008 -
2496 3973 2503 3978 ’
2634 3997 2649 4010 ·
2764 3993 2817 4076 ‘r

445 4083 454 4090 ’
1645 4074 1704 4143 L
1763 4096 1803 4142 2
2378 4093 2410 4144 1
2431 4100 2456 4144 1
2476 4097 2591 4165 54.
2628 4059 2778 4135 Ubi
