3391 4418
641 184 795 269 118
1290 176 2379 261 DISPUTATIO

621 301 719 375 ita
746 314 811 370 ut
827 317 922 371 w
939 291 1175 369 continet
1189 310 1402 382 aquam
1415 292 1506 362 vel
1518 289 1715 360 vinum
1735 317 1757 373 ς
1778 285 1881 383 sed
1891 283 2156 380 negarim?
2172 336 2196 371 ‚
2225 286 2492 377 quomodo
2514 301 2697 357 totum
2707 287 2919 359 dicitur
2930 310 3066 361 con·

543 482 546 483 ⁷
631 396 1162 494 tineresuapartes.
1212 403 1282 463 Vt
1295 394 1444 460 enim
1457 406 1640 465 totum
1647 405 1836 482 partes
1849 391 2127 457 continere
2144 387 2353 458 dicetur
2381 434 2415 485 ,ἱ
2433 389 2573 477 quia
2585 388 2738 458 naua
2748 409 2882 482 pars
2898 410 3071 461 extra

633 518 818 572 mum
828 493 938 592 eft.-
965 499 1055 565 iu
1068 496 1249 564 etiam
1252 490 1506 587 spatium
1518 490 1724 567 dicitur
1738 490 2019 558 continere
2036 488 2176 558 illud
2191 489 2439 558 locatum
2454 538 2479 573 ‚
2508 489 2648 578 quia
2666 512 2766 559 nec
2777 508 2963 561 totum
2973 513 3076 561 nec

639 601 763 672 uua
792 600 943 669 iuius
958 614 1091 688 pars
1122 611 1292 663 extra
1297 591 1550 687 spatium
1566 590 1741 660 locate
1754 583 1853 683 est.
1921 588 2080 657 Hoc
2103 586 2194 657 est
2213 616 2237 664 5
2263 612 2333 659 ut
2354 612 2484 687 ego
2504 594 2898 688 interpretor
2916 647 2934 673 ,
2962 616 3072 662 ex-

647 695 940 773 tenfione
959 692 1154 766 locali
1175 714 1504 788 nunquam
1521 687 1780 760 destitui
1793 687 2045 787 potest,
2083 710 2317 787 utpote
2338 713 2480 785 quae
2491 685 2749 761 effentia
2770 696 3074 791 corporis

646 798 759 871 est.
816 799 966 871 Nec
1000 792 1180 865 aliud
1216 789 1608 892 significatur
1650 790 1811 864 dum
1848 812 2089 887 corpus
2121 788 2360 861 dicitur
2392 787 2526 859 hoc
2558 784 2834 890 spatium
2874 817 3078 864 occu-

646 924 802 1001 pate
822 944 844 980 ‚
876 895 1077 994 quam
1095 891 1140 966 fi
1156 893 1513 969 diceretur,
1551 889 1718 962 illud
1747 912 1992 961 tantam
2012 890 2241 960 mundi
2254 914 2505 990 partem
2528 887 2675 961 effe.

749 1023 821 1091 7.
876 999 1209 1070 Caeterum
1237 990 1285 1063 fi
1304 987 1556 1063 diverso
1581 987 2091 1090 philosophandi
2113 994 2323 1060 modo
2345 989 2564 1061 affueti
2589 988 2900 1064 hastenus
2916 1017 3084 1093 pro-

656 1096 870 1202 poiita
906 1094 1233 1173 voluerint
1254 1095 1621 1179 examinare
1648 1100 1721 1163 δε
1742 1116 1885 1188 quae
1902 1115 1977 1161 ex
2000 1089 2076 1162 iis
2096 1087 2580 1186 consequuntur
2594 1090 2905 1192 indagate
2923 1146 2946 1178 ,
2979 1087 3084 1163 fa·-

660 1202 785 1273 cile
803 1219 1154 1299 opponent
1167 1192 1363 1266 nobis
1394 1245 1416 1278 ,
1441 1195 1635 1265 miras
1660 1199 1731 1265 δι
1751 1216 1956 1263 novas
1970 1191 2006 1262 ὲ
2031 1188 2339 1262 sententia
2354 1191 2567 1262 nostra
2584 1192 3085 1289 consequentias

602 1328 610 1335 ·
661 1302 890 1376 fluere.
942 1299 1123 1369 Nam
1160 1292 1206 1364 fi
1244 1320 1346 1367 tes
1363 1298 1452 1366 ita
1473 1288 1531 1361 st:
1553 1290 1792 1377 habet,
1830 1315 1902 1362 ut
1916 1288 2185 1391 spatium
2213 1299 2282 1365 &
2303 1316 2543 1391 corpus
2562 1301 2634 1365 δι
2658 1290 2942 1365 extensio
2956 1291 3087 1366 sint

655 1400 879 1478 idem,
918 1394 963 1469 fi
998 1393 1440 1496 quodcunque
1472 1393 1690 1493 potest
1720 1397 1979 1492 concipi
2019 1390 2287 1491 spatium
2309 1414 2345 1478 ‚·
2365 1394 2535 1463 reale
2564 1393 2656 1463 est
2676 1401 2990 1466 &verum
3011 1402 3090 1467 δε

661 1525 948 1600 corpore
967 1499 1236 1599 plenum
1259 1550 1281 1583 ,
1315 1496 1711 1568 conficietur
1726 1491 1882 1565 inde
1899 1498 1953 1566 1.
1973 1491 2164 1592 plane
2188 1514 2530 1586 repugnare,
2558 1496 2687 1563 dari
2710 1505 2960 1565 Vacuum
2977 1491 3090 1567 seu

660 1598 936 1702 spatium
967 1596 1098 1671 fine
1120 1621 1400 1697 corpore
1422 1627 1441 1669 ε
1476 1596 1628 1667 cum
1651 1618 1875 1665 tamen
1889 1589 2275 1693 philosophi
2293 1592 2377 1664 ad
2395 1589 2568 1664 hunc
2584 1587 2779 1691 usque
2797 1591 2975 1665 diem
2996 1591 3089 1667 sat

662 1695 854 1803 egisse
882 1696 942 1770 st:
978 1703 1382 1801 putaverint,
1418 1694 1607 1792 quod
1638 1694 2039 1765 ostenderint
2075 1716 2371 1765 naturam
2411 1698 2479 1763 in
2514 1692 2773 1766 mundo
2810 1718 3092 1768 vacuum

662 1827 806 1874 non
845 1798 1211 1872 admittere.
1286 1801 1432 1898 Q
1452 1795 1609 1868 vero
1631 1819 1717 1864 eo
1739 1789 1933 1890 usque
1951 1793 2329 1893 processerit
2347 1838 2370 1869 ‚
2402 1816 2473 1865 ut
2495 1818 2770 1866 vacuum
2792 1846 2814 1881 ‚
2836 1793 3094 1868 ubiubi

662 1904 974 1977 statuatur
987 1953 1008 1980 ,
1038 1895 1637 1970 contradiffionem
1655 1897 1987 1994 putaverit
2000 1894 2331 1994 implicare
2345 1944 2365 1973 ,
2387 1917 2674 1994 repertus
2690 1892 2878 1992 quod
2895 1900 3097 1971 sciam

663 2008 734 2074 in
756 2000 1012 2075 Scholis
1042 1996 1411 2069 fuitnemo.

665 2150 671 2155 -
760 2103 828 2174 8.
867 2105 983 2193 ¹11.
1019 2094 1397 2195 Colligetur
1412 2092 1567 2167 inde
1589 2149 1610 2180 ‚
1632 2098 1702 2166 in
1722 2094 1986 2167 Mundo
2005 2092 2213 2167 sivein
2234 2090 2359 2165 hac
2377 2091 2735 2169 substantia
2756 2120 3096 2197 corporeae

660 2199 1025 2296 univerfitate
1055 2199 1228 2270 nanos
1259 2196 1577 2294 extenfiom's
1604 2193 1755 2291 fine(
1775 2195 1955 2297 posse
1988 2194 2023 2266 a
2050 2192 2247 2269 nobis
2260 2192 2557 2296 agnosci:
2585 2201 2904 2294 quoniam
2924 2198 3099 2272 ultra

663 2297 991 2402 quossibet
1037 2294 1383 2398 affignatos
1411 2296 1571 2368 fines
1606 2293 1737 2367 sem
1788 2324 1857 2369 er
1887 2297 1931 2371 s
1962 2303 2090 2369 atia
2116 2320 2471 2370 occurrunt
2499 2295 2752 2371 extensa
2781 2299 3095 2400 adeoque

660 2425 949 2500 corpore
980 2396 1217 2499 plena:
1257 2396 1408 2472 cum
1439 2421 1660 2470 tamen
1689 2324 2069 2498 ΡΕἰΙοίὲρῑιὶ
2103 2395 2186 2469 de
2232 2400 2523 2471 terminis
2548 2399 2685 2472 &fi
2733 2425 2846 2472 ura
2864 2400 3098 2474 mundi

662 2498 853 2597 (fitne
872 2498 1227 2600 quadratus
1242 2524 1325 2572 an
1342 2495 1663 2571 rotundus
1688 2503 1848 2584 &c.)
1866 2499 2082 2597 deque
2097 2494 2309 2598 spatiis
2326 2522 2499 2572 extra
2513 2525 2672 2573 mun
2729 2501 2918 2574 ‘fines
2933 2507 3102 2574 iina-

659 2608 926 2707 ginatiis
944 2598 1237 2675 disserere
1265 2596 1738 2673 consueverint.
3074 2627 3081 2632 ·

762 2732 832 2794 9.
880 2708 1032 2778 111.
1063 2700 1523 2778 Concludetur
1552 2752 1573 2780 .
1641 2699 2006 2774 universum
2054 2700 2379 2773 continuo
2428 2696 2756 2773 extensum
2798 2724 2937 2772 non
2977 2696 3095 2773 nifi

662 2830 870 2877 unum
897 2809 1170 2902 cogitari
1205 2801 1384 2900 poffe
1400 2847 1425 2880 ‚
1463 2798 1769 2897 adeoque
1788 2803 1976 2893 plures
1990 2801 2085 2895 effi
2101 2801 2331 2871 mundos
2358 2799 2591 2873 itidem
2606 2801 3091 2875 contradiaimm

659 2905 968 2996 implicare.
1043 2901 1227 2971 Nam
1265 2897 1684 2974 substantiam,
1716 2896 2039 2971 extensam
2063 2907 2133 2971 ὅ(
2158 2923 2276 2969 cot
2325 2926 2548 2972 orcam
2565 2905 2795 2973 omnia
2810 2907 3093 2974 omnino

665 2997 867 3102 spatia
877 2994 1318 3099 imaginabilia
1335 3042 1360 3074 ,
1390 3001 1459 3066 in
1479 2997 1723 3094 quibus
1743 2998 1962 3098 plures
1975 2997 2067 3070 illi
2082 2924 2319 3070 munci}
2332 3000 2495 3103 fingi
2507 2999 2795 3102 poffent,
2822 3009 2957 3098 jam
2981 3028 3098 3075 oc·-

667 3126 903 3202 cupate
941 3123 1017 3172 ex
1057 3097 1207 3169 ante
1238 3095 1427 3172 dietis
1444 3097 1890 3196 intelligimus.
1945 3100 2189 3197 Neque
2201 3097 2464 3200 poffunt
2480 3100 2664 3202 plur'a
2694 3107 2967 3202 cogitati
2989 3128 3096 3176 ex-

666 3195 903 3278 tensa-2
919 3195 980 3270 se
999 3204 1282 3271 invicem
1304 3194 1624 3299 separata,
1651 3193 1764 3267 nifi
1789 3200 1960 3270 inter
1976 3225 2051 3270 ea
2069 3205 2478 3300 concipiatur
2494 3199 2765 3304 spatium
2781 3207 3098 3275 interme.

666 3299 861 3374 dium
883 3324 1020 3397 quo
1043 3295 1301 3374 distent.
1348 3305 1446 3370 At
1496 3301 1560 3371 ui
1584 3292 1898 3397 spatium,
1938 3304 2032 3371 uti
2056 3299 2309 3373 distum
2326 3350 2349 3386 ,
2379 3303 2470 3374 est
2496 3297 2824 3375 extensum
2845 3352 2867 3382 ,
2902 3311 2975 3375 δε
2993 3302 3100 3374 di·

665 3401 896 3475 stantia
911 3398 1002 3469 est
1021 3396 1261 3471 modus
1275 3323 1659 3472 exteiffionis
1682 3450 1706 3484 ,
1745 3402 1852 3469 cui
1868 3398 2083 3472 modo
2100 3398 2358 3501 prorsus
2369 3402 2738 3478 adversatur
2750 3425 2926 3475 extra
2942 3397 3097 3475 sub-

663 3505 913 3600 jeetum
943 3496 1133 3598 quod
1152 3495 1479 3571 extensum
1497 3494 1575 3571 fit
1588 3503 1849 3598 reperiri
1867 3552 1889 3585 ,
1927 3495 2108 3572 ficuti
2126 3497 2242 3602 ipfi
2262 3501 2618 3579 extenfioni
2634 3526 2955 3606 repugnat
2967 3501 3093 3578 este

663 3608 737 3673 in
759 3628 900 3674 non
919 3624 1204 3699 corpore
1227 3653 1250 3685 ,
1289 3597 1442 3670 cum
1460 3596 1536 3668 fit
1555 3595 1817 3670 effentia
1832 3606 2150 3701 corporis.
3078 3641 3089 3648 ·

663 3791 666 3796 μ
769 3727 795 3773 1
813 3728 884 3774 o.
937 3705 1097 3772 Haec
1140 3698 1297 3773 vero
1337 3696 1423 3770 de
1458 3699 1532 3769 M
1540 3695 1867 3770 undorum
1910 3699 2288 3802 impoffibili
2324 3699 2759 3777 multitudine·
2778 3698 3094 3775 sententia

666 3799 969 3878 nondum
1004 3799 1230 3875 audita
1267 3796 1392 3872 suit
1415 3803 1483 3874 in
1518 3795 1778 3872 scholis
1808 3802 2038 3872 nostris
2063 3796 2322 3900 philoso
2372 3799 2552 3876 bicis-
2603 3811 2793 3906 Qu
2832 3803 2977 3876 imo
2999 3799 3096 3874 sa·

662 3905 1020 4000 pientiores
1047 3952 1070 3986 ‚
1105 3899 1665 3974 Aristotelicarum
1704 3906 2033 3974 rationum
2071 3898 2312 3972 imbec'
2373 3904 2593 3976 'tatem
2629 3901 3094 4006 agnoscenteS,

664 4024 886 4104 neque
909 4000 1061 4078 alias
1086 4005 1156 4080 in
1188 4002 1468 4079 Naturae
1507 3996 1694 4078 libro
1724 3998 1984 4108 scriptas
2016 4004 2422 4079 invenientes
2442 4047 2468 4085 ‚
2495 4000 2750 4111 semper
2777 4000 3100 4077 existima..-

671 4139 690 4170 3
745 4163 751 4176 ·
1491 4149 1495 4154 ’
1685 4149 1699 4172 ²
2901 4124 3092 4184 mut,
