3391 4418
654 147 826 232 420
1158 116 1865 207 Conroxts
1934 134 2085 201 ετ
2154 107 2631 200 Altina

752 261 824 329 9.
878 229 1231 311 obtendat
1261 230 1496 331 aliquis
1532 232 1570 305 ὲ
1603 226 1976 328 Theologis
2022 253 2085 302 t.
2118 221 2165 297 fi
2183 254 2260 300 ea
2279 252 2425 326 quae
2442 216 2780 302 {iaculum
2801 229 3101 314 animi&

658 351 749 412 co
830 339 963 410 oris
1003 359 1141 409 tam
1173 334 1439 408 firmum
1479 329 1769 405 reddunt
1799 336 1867 402 in
1898 329 2021 400 hac
2052 334 2225 415 vita,
2256 328 2584 402 abolitum
2604 336 2679 401 iri
2696 346 3093 432 putemusin

658 445 728 513 in
751 363 1017 516 ¹Ereta,
1051 433 1379 534 neceffum
1416 430 1539 508 effe
1583 456 1654 505 ut
1680 433 2031 505 statuamus
2059 428 2290 515 itidem
2317 470 2359 511 ,·
2384 435 2601 503 minus
2633 456 2781 511 tum
2817 460 2947 523 nos
2987 436 3091 512 fu-

660 561 849 614 turos
897 538 1020 612 esse
1068 538 1394 615 homines.
1467 564 1532 612 2.
1567 532 2141 633 conjunctionem
2188 534 2389 602 animi
2438 556 2591 604 cum
2640 559 2931 638 corpore
2975 565 3091 641 pet

663 635 965 714 confusas
1006 643 1461 739 perceptiones
1499 637 1539 707 εἰ
1579 656 1861 735 peccato
1893 656 2111 723 ortam
2144 631 2385 721 videri,
2420 631 2524 703 vel
2557 630 2693 706 hoc
2727 633 2873 739 ipso
2895 664 3089 740 argu..

656 763 890 812 mento
925 791 949 825 ,
997 736 1183 838 quod
1238 743 1307 809 in
1351 735 1658 810 beatiore
1700 738 1834 809 vita
1869 732 2011 806 talis
2042 758 2180 805 non
2223 729 2298 803 fit
2338 732 2774 831 permansura.
2877 738 3086 812 Unde

562 845 570 852 ’
661 865 724 936 3.
743 844 939 911 etiam
969 836 1271 950 sequatur
1299 889 1320 922 ,
1367 834 1704 909 confusam
1743 829 2061 932 ejusmodi
2095 829 2383 904 sensuum
2406 841 2898 936 perceptionem
2925 863 3083 913 cum

658 937 928 1009 animali
963 935 1284 1010 dehderio
1317 939 1738 1035 conjunfflm
1775 958 1913 1004 non
1946 930 2124 1005 fuisse
2160 956 2310 1004 ante
2346 931 2595 1032 lapsum
2626 940 2692 1005 in
2708 941 2927 1036 primo
2949 936 3084 1012 ho-

656 1041 862 1111 mine.
913 1040 1012 1111 Ac
1028 1035 1309 1140 proinde
1330 1061 1400 1133 4.
1418 1037 1529 1108 hic
1544 1090 1566 1122 ,
1597 1033 1710 1106 ubi
1738 1056 2033 1105 naturam
2053 1030 2339 1104 hominis
2366 1057 2440 1103 ex
2466 1058 2747 1135 corpore
2765 1045 2836 1110 δε
2854 1042 3084 1112 anima

653 1135 1011 1240 compofiti
1036 1135 1454 1212 describimus
1475 1191 1498 1225 ,
1544 1141 1715 1208 inter
1742 1139 2178 1235 proprietates
2202 1131 2371 1206 illius
2399 1139 2896 1232 conjunclionis
2927 1140 3079 1215 talia

655 1262 798 1311 non
823 1238 945 1312 effe
967 1237 1389 1314 numeranda.

761 1366 788 1410 ι
803 1367 873 1413 0.
923 1346 1082 1441 Resp.
1112 1339 1197 1412 ad
1231 1367 1257 1412 1
1271 1393 1290 1413 .
1310 1338 1432 1411 alia
1451 1334 1710 1441 poss‘unt
1725 1331 1846 1405 effe
1866 1356 2007 1404 tum
2022 1330 2311 1434 respectu
2331 1332 2738 1410 nobiliorum
2759 1334 3072 1429 sensuum,

545 1490 554 1499 -
652 1463 799 1513 tum
832 1437 1119 1541 respectu
1146 1446 1373 1514 animae
1400 1446 1469 1512 in
1505 1460 1742 1537 corpus
1767 1438 2014 1534 agentis
2042 1460 2119 1504 ac
2141 1432 2425 1507 velocius
2448 1433 2611 1507 illud
2641 1463 3077 1525 commoven-

655 1546 775 1626 tis,
801 1566 952 1640 quae
988 1567 1130 1614 non
1165 1540 1377 1615 modo
1422 1536 1715 1641 supplere
1740 1530 1928 1633 quod
1954 1532 2164 1606 deesse
2180 1557 2520 1634 putaretur
2537 1584 2561 1621 ‚
2599 1532 2713 1609 sed
2729 1536 3077 1639 perfeffius

651 1644 852 1715 etiam
886 1667 962 1714 ac
993 1640 1240 1715 firmius
1261 1648 1555 1743 corporis
1580 1646 1652 1712 δε
1675 1640 1908 1706 animae
1931 1633 2264 1705 vinculum
2286 1637 2354 1704 in
2374 1634 2650 1709 meliore
2667 1645 2801 1712 vita
2819 1638 3073 1714 efficere

651 1738 931 1817 valeant.
1009 1749 1184 1845 Qae
1214 1742 1433 1843 qualia
1457 1749 1524 1817 &
1551 1757 1801 1839 quanta
1820 1734 1940 1807 fint
1956 1780 1981 1818 ‚
2020 1733 2399 1807 mortalium
2424 1735 2675 1811 nemini
2693 1743 2766 1812 in
2784 1765 3076 1816 mentem

655 1867 857 1916 vemt.
2918 1890 2929 1897 -

757 1968 784 2010 1
806 1965 866 2014 ι.
917 1943 1074 2039 Resp.
1108 1939 1195 2011 ad
1218 1939 1496 2039 reliqua:
1537 1940 1910 2010 Hominem
1947 1932 2404 2036 &philosopho
2427 1933 2700 2010 describi
2725 1941 2942 2036 qualis
2971 1943 3072 2013 in..

649 2043 943 2116 venitur,
978 2063 1191 2135 neque
1218 2037 1302 2109 ab
1325 2064 1409 2109 eo
1479 2037 1790 2112 erendum
1810 2080 1835 2113 ³
1869 2058 1942 2107 ut
1958 2039 2153 2134 primi
2172 2060 2238 2107 at
2288 2061 2366 2108 ue
2379 2042 2611 2146 integri
2630 2039 2933 2112 hominis
2956 2041 3080 2112 sta·-

652 2162 795 2213 tum
824 2135 1124 2237 explicet.
1172 2141 1340 2209 Satis
1359 2064 1481 2209 eis}
1506 2192 1529 2225 ,
1561 2137 1604 2209 fi
1627 2132 2217 2239 philosophematis
2241 2064 2364 2209 suis
2391 2140 2814 2211 conlentanea
2831 2136 3079 2228 Theo-

646 2235 719 2310 lo
771 2243 839 2312 ‘ae
859 2232 983 2310 elle
1001 2235 1316 2339 dogmata
1334 2238 1678 2312 occasione
1707 2236 1860 2311 data
1877 2260 2151 2309 moneat
2171 2290 2193 2323 ,
2231 2243 2325 2310 uti
2344 2233 2589 2310 saecum
2608 2243 2677 2310 in
2705 2236 3070 2340 praesentia.

645 2339 708 2409 A
761 2336 882 2422 de,
969 2338 1109 2410 uod
1143 2336 1466 2440 sapientiae
1495 2338 1732 2414 divinat
1764 2334 1961 2410 talem
1997 2342 2196 2409 animi
2222 2363 2372 2410 cum
2400 2361 2723 2440 corpore,
2761 2366 2885 2442 per
2907 2365 3070 2413 con-

641 2433 805 2510 fusas
826 2362 1112 2510 sensuum
1181 2444 1615 2541 erceptiones,
1637 2441 2183 2534 conjunctionem
2207 2438 2460 2540 optime
2478 2446 2862 2528 convenire,
2879 2438 3066 2541 suprd

637 2535 1013 2612 docuimus.
1160 2566 1269 2613 um
1298 2545 1549 2643 primus
1579 2538 1795 2612 homo
1830 2537 2149 2637 quamdiu
2178 2543 2388 2612 rectus
2424 2539 2775 2627 manebat,
2809 2566 2886 2612 ea
2918 2565 3061 2639 quae

640 2664 882 2740 corpus
914 2638 1356 2742 afficiuntper
1389 2645 1610 2715 a&um
1642 2647 2117 2712 immanentem
2144 2637 2454 2714 distincto
2480 2640 2822 2716 intellectu
2848 2642 3060 2712 statim

638 2744 1044 2841 perceperit,
1081 2760 1278 2841 atque
1303 2746 1395 2815 ita
1427 2768 1546 2843 per
1579 2764 1877 2815 naturam
1911 2738 1980 2810 id
2008 2744 2342 2840 potuerit,
2374 2741 2563 2839 quod
2580 2740 3059 2841 hodieperstu-

640 2837 828 2911 dium
859 2846 930 2912 δε
961 2837 1258 2915 habiturn
1290 2842 1490 2942 longi
1516 2839 1857 2943 diligentiil
1883 2839 2270 2938 acquisitum
2302 2838 2692 2943 Philosophi
2713 2850 2783 2916 &
2802 2839 3056 2914 Medici

637 2940 706 3010 in
728 2934 1113 3040 quibusdam
1133 2937 1383 3013 faciunt
1401 2985 1425 3018 ‚
1457 2939 1529 3011 id
1557 2941 1751 3033 hujus
1779 2940 1910 3012 loci
1929 2965 2071 3013 non
2099 2939 2190 3013 est
2204 2945 2556 3040 inquirere.

739 3064 854 3113 12.
901 3039 1104 3111 Certe
1148 3036 1301 3111 mali
1333 3044 1671 3112 auc'torem
1702 3043 1926 3111 Deum
1956 3066 2107 3114 cum
2140 3038 2520 3116 Manichaeis
2561 3067 2701 3115 non
2736 3036 3055 3132 facimus,

684 3142 752 3207 ui
794 3136 1334 3229 conjunctionem
1369 3145 1566 3212 animi
1596 3164 1748 3224 cum
1785 3163 2106 3240 corpore,
2151 3160 2470 3239 quatenus
2500 3150 2569 3214 in
2603 3137 2886 3215 consulis
2910 3139 3055 3215 sen-

630 3162 816 3308 ?uum
844 3235 1383 3353 perceptionibus
1411 3236 1736 3319 consistit,
1764 3236 2013 3314 bonam
2034 3247 2105 3315 δε
2132 3239 2527 3315 laudabilem
2547 3295 2571 3330 ,
2603 3249 2674 3316 δε
2692 3240 2845 3314 huic
2864 3226 3051 3338 yitae,

629 3360 830 3438 quam
859 3340 1139 3410 vivimus
1156 3393 1177 3425 ,
1249 3363 1535 3441 namque
1552 3338 1636 3412 ad
1659 3337 2003 3413 meliorem
2026 3345 2224 3415 vitam
2247 3339 2561 3416 duntaxat
2575 3339 2699 3414 effe
2714 3345 2894 3415 viam
2912 3342 3047 3417 fide

626 3435 955 3511 credimus
971 3490 994 3522 ,
1023 3365 1424 3514 ostendimus
1441 3440 1561 3516 effi?
1581 3465 1962 3545 congruam.
2018 3439 2235 3548 Qod
2258 3466 2336 3518 cx
2355 3446 2574 3545 capite
2593 3438 2901 3543 stquente
2917 3443 3051 3517 ela-

627 3537 756 3615 rius
775 3535 1157 3641 innotescet.

2813 3785 3047 3858 cn.
