3391 4418
589 261 611 271 ,
918 161 2165 263 Ὀοκιυικιοτιοῖ

479 287 551 363 8.
604 284 688 357 Et
708 279 1064 380 quoniam,
1097 297 1172 347 ut
1207 270 1346 345 dici
1373 273 1535 348 solet
1556 328 1581 361 ,
1619 278 1803 370 cujus
1835 279 2110 380 quidem
2145 277 2306 353 diua·
2328 280 2500 353 ratio
2522 275 2612 350 ad
2634 274 2812 354 hunc

265 396 274 401 '
333 387 601 462 'locum
623 374 1202 484 speaarmaxime‚
1239 377 1486 447 varietas
1501 377 1775 461 deleant,
1799 379 2034 453 e‘adem
2053 382 2379 483 perpetuo
2398 390 2589 480 agere
2603 401 2805 478 atque

415 486 503 560 ati
546 481 1050 581 haudquaquam
1075 499 1393 574 amamus.
1454 474 1710 550 Theor.
1744 485 1905 555 Viv.
1921 491 2089 578 776.
2108 478 2251 580 sqq.
2304 487 2404 554 Ita
2422 484 2610 551 'enim
2638 476 2798 559 faffl

223 641 238 656 .
362 515 626 668 {amasa
644 605 868 653 natura
884 633 908 666 ,
947 601 1020 652 ut
1030 572 1547 652 viciffitudinem
1569 575 1943 678 diligamus.
1994 578 2613 682 thopterintet
2632 574 2795 650 affe-

239 758 258 768 ,
362 684 845 775 &ushumanos
869 676 1188 776 fastidium
1215 701 1487 775 quoque
1509 677 1739 753 locum
1765 685 2050 769 invenit,
2085 681 2251 754 ibid.
2269 686 2334 761 §-
2360 687 2557 777 1048.

458 812 528 877 9.
565 780 785 860 Simile
805 781 897 855 est
913 785 982 850 in
1001 775 1236 850 eadem
1265 773 1519 848 Theor.
1541 803 1586 851 2
1603 785 1711 877 1'4.
1751 781 1933 881 quod
1952 783 2133 854 calor
2146 787 2215 853 in
2227 780 2479 883 plantas
2497 785 2629 885 agit
2649 807 2790 855 non

358 882 619 961 afflone
651 886 1018 963 continua,
1063 874 1171 948 fed
1204 882 1587 978 interrupta.
1663 879 2069 981 Cujusmodi
2105 880 2491 955 intenniffio
2527 888 2785 971 tatione

353 984 618 1061 astitum
634 1007 834 1081 atque
862 976 1242 1051 officiorum
1261 1000 1644 1085 mutuorum
1664 984 1732 1051 in
1751 989 1937 1054 omni
1955 985 2268 1068 amicitia,
2290 984 2637 1080 conjugio,
2652 976 2785 1056 foe-

354 1087 508 1160 dete
534 1082 764 1158 locum
798 1077 1023 1150 habet.
1077 1081 1186 1151 Sic
1218 1084 1586 1150 amicorum
1609 1079 2132 1155 cohabitantium
2168 1082 2328 1157 alter
2356 1080 2540 1153 alteri
2560 1086 2787 1176 quoti-

351 1188 462 1262 die
495 1181 794 1284 quaedam
832 1174 1054 1251 officia
1094 1176 1379 1275 praestat,
1411 1174 1521 1248 sed
1556 1202 1698 1251 non
1727 1181 1982 1284 semper
2010 1180 2282 1254 eadem:
2318 1184 2564 1279 quippe
2589 1178 2782 1275 quod

271 1336 291 1350 κ
345 1287 494 1362 fieri
516 1307 638 1354 nec
660 1278 880 1382 potest
896 1301 1018 1349 nec
1050 1274 1278 1349 debet.

460 1407 574 1454 ιο.
623 1374 1225 1479 Qmadmodum
1272 1377 1468 1476 igitur
1507 1401 1747 1477 corpus
1799 1380 2096 1452 nostrum
2142 1383 2523 1483 organicum
2560 1402 2780 1481 partes

348 1477 554 1555 habet
587 1502 763 1552 extra
828 1501 995 1551 artes
1014 1531 1040 1565 ,
1068 1475 1200 1547 hoc
1219 1475 1312 1544 est
1326 1527 1348 1560 ,
1382 1477 1475 1546 ita
1494 1473 1701 1548 habet
1716 1523 1739 1559 ,
1775 1502 1848 1550 ut
1867 1477 1984 1549 ubi
2007 1478 2135 1551 una
2154 1482 2297 1567 est,
2315 1478 2410 1550 ibi
2428 1476 2615 1553 fimul
2631 1504 2773 1551 non

345 1576 551 1684 poffit
569 1575 693 1652 effe
728 1505 851 1649 aliia
870 1631 894 1664 ,
929 1602 1072 1678 quae
1089 1572 1477 1677 magnitudo
1497 1593 1594 1646 ext
1703 1600 1775 1649 va
1796 1575 2070 1651 dicitur:
2105 1585 2196 1651 ita
2219 1586 2347 1653 vita
2372 1582 2585 1652 nostra
2604 1603 2777 1673 nun-

401 1704 551 1752 uam
590 1698 737 1751 tota
759 1674 945 1751 simul
965 1675 1168 1750 existit
1190 1728 1214 1761 ,
1247 1697 1314 1745 at
1332 1698 1546 1773 partes
1562 1670 1649 1746 ha
1701 1700 1768 1748 et
1783 1729 1806 1763 ,
1833 1679 2253 1775 quarum-alia
2273 1680 2365 1751 est
2388 1681 2559 1751 extra
2576 1681 2785 1751 aliam³

349 1708 745 1856 Pucceffione
765 1831 789 1864 ,
818 1803 965 1876 quae
985 1773 1377 1876 magnitudo
1381 1775 1706 1870 fieccesstva.

448 1907 479 1956 1
500 1906 562 1953 ι.
610 1883 713 1953 Ac
750 1874 930 1951 ficuti
962 1871 1355 1977 impoffibile
1379 1866 1509 1949 esti
1550 1896 1623 1946 ut
1644 1881 2012 1972 penetratio
2034 1874 2516 1952 dimenfionum
2539 1877 2771 1952 detur:

343 1981 436 2057 ita
474 1978 617 2051 fieri
648 2001 790 2050 non
823 1976 1040 2081 potest
1072 2020 1097 2054 2
1150 1998 1224 2048 ut
1248 1999 1482 2047 omnes
1509 1969 1632 2047 iHae
1661 1981 1956 2081 corporis
1984 1980 2317 2079 animique
2348 1975 2725 2052 functiones
2744 2014 2769 2064 ‚-

343 2079 583 2185 quibus
597 2081 729 2153 vita
744 2078 1031 2151 humana
1049 2098 1191 2149 tota
1217 2126 1240 2160 ,
1279 2073 1317 2147 a
1335 2077 1665 2176 principio
1684 2076 1769 2148 ad
1786 2077 1991 2151 finem
2011 2080 2264 2153 constat
2293 2132 2315 2165 ,
2345 2082 2768 2153 continuatur:

339 2206 539 2283 atque
572 2176 959 2265 absolvitur,
992 2174 1132 2249 ullo
1154 2196 1445 2271 unquam
1482 2196 1784 2276 tempore
1808 2175 1995 2252 fimul
2027 2182 2316 2254 existant.
2368 2181 2537 2254 Non
2559 2181 2783 2281 magis*

343 2285 525 2449 ceti}
545 2277 755 2378 *quam
789 2300 1025 2348 omnes
1051 2283 1121 2346 δι
1150 2269 1379 2370 finguli
1401 2277 1606 2344 totius
1624 2282 1775 2347 anni
1799 2275 1937 2351 dies
1956 2280 2198 2353 eodem
2225 2300 2528 2383 ternpore
2548 2283 2767 2355 lucere

391 2407 435 2451 o
486 2395 606 2446 mt.
1295 2395 1300 2402 ·
1976 2413 1979 2418 <

339 2408 386 2481 P
451 2500 478 2545 1
497 2500 563 2546 2.
584 2476 810 2638 Itaque
831 2467 1128 2543 vitalium
1146 2466 1509 2540 nostrarum
1525 2464 1946 2546 functionum
1976 2476 2324 2549 concursus
2348 2476 2568 2548 multis
2587 2499 2761 2571 quoa·

345 2569 506 2648 tidie
525 2570 693 2673 patti
744 2593 815 2640 us
841 2571 1237 2664 interruptus
1260 2567 1390 2661 est,
1424 2570 1935 2641 nunc'inchoans
1957 2617 1982 2648 ,
2016 2599 2194 2644 nunc
2222 2571 2554 2654 desinens,
2587 2596 2763 2642 nunc

341 2666 751 2773 perseverans
786 2660 1247 2765 aliquantisper:
1296 2664 1524 2756 (imiar
1561 2672 1771 2754 Lunae,
1788 2666 2124 2743 crescentis
2152 2694 2230 2741 ac
2264 2667 2769 2760 decrescentis).‚

341 2771 448 2846 lbi
483 2764 864 2843 intermistio
885 2820 906 2855 ,
936 2790 1002 2835 re
1054 2767 1650 2850 etitio,renovatio,
1670 2764 1864 2865 hujus
1882 2770 2065 2841 astus
2085 2794 2234 2842 cum
2253 2768 2367 2841 illo
2388 2790 2763 2840 commuta-

343 2867 441 2947 tio
467 2871 595 2944 est:
623 2872 812 2941 unius
841 2789 1259 2962 ejuscssmque
1291 2868 1701 2938 continuatio
1720 2891 2083 2967 nunquam.
2134 2866 2342 2969 quue
2360 2892 2633 2971 propter
2649 2894 2760 2943 va·

343 2977 508 3045 tiam
530 2972 829 3072 corporis
851 2973 921 3042 δε
950 2968 1178 3038 animae
1198 2960 1697 3040 mutabilitatem
1719 2998 1737 3043 ε
1771 2994 1917 3068 quae
1938 2975 2158 3044 omnis
2178 2994 2479 3045 creatura:
2493 2976 2760 3072 proptia

344 3072 645 3147 conditio
666 3071 780 3148 est.
1309 3093 1312 3096 ·

1151 3201 1968 3378 cip.xxx1

573 3397 989 3518 th'usmodi
1006 3400 1473 3480 mutationem
1487 3399 1568 3479 in
1583 3398 1911 3484 humana
1931 3398 2025 3498 ἀ
2040 3424 2277 3488 creata
2288 3428 2573 3506 ruitura=

945 3511 1451 3623 quodammodo
1479 3512 1613 3659 eff?
1624 3516 2165 3628 perfidianem.

353 3713 417 3763 ι.
445 3681 1135 3859 H‘Ugusmodivita
1153 3689 1466 3770 Hominis
1482 3689 1551 3755 in
1570 3684 1959 3778 successione
1978 3689 2505 3777 con¹fistens,licet
2524 3689 2762 3768 collata

619 3791 683 3859 'a
771 3790 996 3858 Deum
1032 3780 1412 3884 impegfecta
1453 3788 1692 3859 merito
1725 3790 2100 3873 censeatur,
2131 3796 2224 3865 uti
2263 3794 2477 3895 capite
2519 3786 2763 3898 ptaece-
2819 3809 2824 3814 ’

347 3883 548 3960 dente
570 3943 594 3976 ‚
626 3888 693 3990 §.
724 3913 761 3959 2
785 3930 809 3968 ‚
848 3881 1256 3959 dicebamus:
1286 3886 1356 3983 iti
1384 3908 1600 3960 creata
1627 3910 1852 3963 tamen
1878 3886 2313 3972 Univetfitate
2327 3922 2455 4001 pro
2475 3895 2764 3998 quadam

339 3985 756 4093 petstffione
774 3984 1003 4073 habeti
1024 3985 1207 4092 poffe
1230 3981 1507 4068 videtur.
2452 4001 2457 4004 ’

599 4159 600 4162 ¹
1592 4092 1757 4169 Eee
1810 4117 1854 4171 2
2487 4092 2764 4180 2,.Quo·
