3391 4418
570 153 738 239 450
1063 130 1983 218 contunsa-r
2057 120 2539 210 Annam

576 271 756 345 quos
796 243 1147 319 Christiani
1182 250 1417 316 virtute
1451 240 1664 314 divina
1698 234 2094 310 resuscitatos
2118 232 2437 322 credunt,
2471 242 2757 310 animam
2788 240 2830 316 ὲ
2861 266 3021 315 cot..

558 372 748 448 pore
772 344 1063 417 totaliter
1081 370 1157 416 ac
1182 344 1458 417 finaliter
1475 339 1760 411 necdum
1783 333 1959 411 fuisse
1986 332 2363 436 separatam.

611 522 621 533 ,
686 470 805 533 17.
861 449 1011 542 Resp.
1046 448 1214 519 Non
1245 441 1366 516 effe
1399 438 1772 549 philosophi
1796 437 1926 507 hoc
1947 441 2310 537 argumenti
2320 460 2538 535 genus
2564 433 2761 511 fustus
2781 447 3032 516 tracia-

587 571 684 618 τε.
737 541 1032 618 Verbum
1067 570 1267 616 unum
1304 541 1435 619 hoc
1468 540 1628 612 loco
1653 535 1945 611 sufficiat.
1997 538 2107 627 Ne
2139 535 2222 606 fic
2258 536 2680 613 eluderentur
2707 545 3028 627 miracula

589 649 728 717 Dei
759 651 824 718 S.
846 651 980 718 Scri
1033 656 1240 715 tuta'm
1275 643 1406 732 jam
1433 637 1820 739 providisse,
1856 650 2101 708 notato·
2118 636 2420 736 exemplo
2443 633 2783 711 resuscitati
2808 646 3029 715 Laza-

553 742 560 748 ’
592 751 685 828 ri,
717 771 914 842 quem
951 672 1295 815 fatentem
1337 752 1407 814 &
1442 764 1726 838 quatuor
1751 747 1886 837 jam
1916 735 2056 808 dies
2089 739 2161 806 in
2192 761 2634 827 monumento
2657 737 3023 827 habentem

592 842 897 918 Christus
926 849 1192 917 invenit.
1223 842 1382 937 Joh.
1415 868 1439 911 1
1464 869 1486 911 1
1504 894 1522 913 .

1463 1062 1542 1150 C
1607 1088 1664 1139 A
1732 1089 1798 1142 Ρ.
1837 1048 1845 1055 ’
1918 1057 2033 1141 LI
2056 1053 2159 1141 X.

995 1249 1304 1344 mortis
1326 1270 1412 1320 ca
1421 1239 1622 1350 afim
1629 1237 2048 1353 proximam
2076 1231 2209 1342 effi?
2228 1239 2307 1315 in
2327 1206 2632 1350 corpore.

592 1428 670 1522 ξι.
703 1438 838 1595 E
863 1435 928 1500 X
965 1425 1200 1528 quibus
1243 1455 1398 1500 eum
1426 1434 1491 1501 in
1525 1427 1800 1500 modum
1837 1421 2167 1523 explicatis
2206 1419 2395 1497 facile
2433 1421 2771 1496 solvuntur
2804 1423 3016 1525 plures

863 1532 1273 1627 qu-ae'stiones.
1294 1554 1571 1628 quatum
1592 1525 1919 1623 nonnullae
1950 1528 2118 1600 circa
2137 1549 2240 1607 ea,
2261 1532 2404 1624 q'uae
2423 1524 2737 1598 haetenus
2754 1529 3018 1615 traCtata

597 1619 744 1700 sunt
761 1672 786 1706 ‚
815 1629 1140 1715 Iustorum
1158 1637 1410 1703 animos
1433 1629 1735 1702 dubitare
1754 1625 2023 1698 faciunt.

700 1757 769 1802 2.
821 1735 904 1803 Et
931 1736 1148 1833 ptimo
1182 1730 1452 1832 quidem
1485 1737 1959 1830 interrogatur,
1994 1725 2215 1796 utrum
2237 1724 2306 1794 in
2328 1748 2611 1825 corpore
2636 1769 2663 1805 ‚
2696 1726 3026 1797 aninani-

595 1851 712 1901 ma
731 1829 916 1903 caula
932 1839 1164 1906 mortis
1187 1829 1531 1930 quaetenda
1549 1829 1623 1902 fit
1648 1849 1669 1902 ἒ
2674 1850 2679 1855 ’

711 1957 773 2019 3..
819 1932 983 2024 Resp.
1008 1934 1256 2026 φιφτη
1288 1940 1480 2002 mortis
1507 1950 1784 1998 remotam
1804 1925 1985 2027 poiI'ev
2007 1930 2167 2030 poni
2201 1931 2265 1996 in
2296 1929 2515 1995 anima
2534 1978 2554 2010 ‚
2589 1924 2856 2023 quando
2879 1924 3024 2000 haec

599 2029 695 2096 ita
717 2028 1262 2102 meditationibus
1294 2023 1611 2113 affuescit‚
1642 2052 1713 2098 ut
1749 2030 2045 2127 corporis'
2065 2052 2291 2097 curam
2313 2021 2839 2124 insuperhabeat:
2874 2029 3018 2122 quo

601 2124 898 2223 speciant
923 2123 1208 2227 superius
1228 2127 1461 2200 tradita
1490 2120 1682 2228 capp.¹
1711 2131 1855 2200 XL.
1881 2141 1945 2198 6.
1977 2126 2117 2227 sqq‘.
2140 2130 2385 2199 XLIV.
2414 2150 2506 2222 ¹3·

701 2252 773 2314 4.
824 2226 937 2296 Ne
963 2227 1097 2318 jam
1134 2226 1350 2301 dicam
1391 2228 1474 2300 de
1510 2229 1686 2312 aliis,
1717 2233 1828 2327 qui
1864 2253 2003 2301 non
2038 2237 2431 2302 itamentem
2453 2220 2777 2295 &sensibus
2799 2217 3020 2295 abdu-

602 2320 825 2398 cendo
845 2350 1083 2428 corpus
1102 2353 1324 2401 curare
1345 2337 1665 2402 omittunt
1685 2361 1713 2416 3.
1744 2327 1984 2428 sed-qui
2007 2329 2160 2403 talia
2180 2336 2350 2399 cirea
2375 2351 2609 2427 corpus
2635 2321 2817 2396 suum
2830 2349 3031 2396 com-
3067 2384 3119 2421 Λ

603 2427 880 2498 mittunt
902 2480 924 2513 ,
958 2424 1195 2528 quibus
1218 2430 1612 2503 admoneam
1629 2426 2016 2526 disponitur.
2104 2485 2107 2490 -

707 2549 778 2621 5.
830 2531 921 2600 At
958 2534 1223 2623 proxima
1272 2532 1444 2628 causta
1493 2536 1687 2603 mortis
1727 2531 1818 2601 est
1858 2530 2025 2618 mala
2057 2532 2359 2630 corporis
2389 2526 2721 2630 dispositio
2761 2554 2839 2602 ex
2876 2553 3023 2628 cap.

601 2629 930 2724 LV111.4.
974 2629 1227 2704 Theor.
1261 2636 1414 2705 viv.
1435 2627 1743 2730 504.sqq.
1798 2633 1955 2732 Q
1973 2628 2380 2726 ejusmodiin
2403 2655 2640 2730 corpus
2659 2627 3027 2732 dispositio-

598 2753 796 2813 nem,
831 2729 912 2799 id
936 2732 1078 2809 ests
1103 2731 1858 2835 divifionemxautfigurae
1878 2736 2318 2810 mutationem
2339 2730 2634 2816 inducit'‚
2668 2734 2906 2802 occidere
2921 2728 3027 2800 di-

599 2833 800 2899 citur:
845 2833 1116 2910 contra,
1155 2835 1266 2928 qui
1285 2829 1523 2929 corpus
1540 2832 1837 2933 proxime
1864 2830 1949 2904 sic
1969 2828 2289 2934 disponit,
2324 2830 2734 2906 utidoneum
2753 2831 2824 2903 fit
2840 2855 3019 2902 men-

596 2933 680 3000 tis
699 2927 1108 3003 domicilium
1135 2957 1328 3031 atque
1351 2959 1675 3035 organum
1694 2987 1715 3018 ,
1748 2931 1986 3004 dicitur
1992 2933 2271 3024 generare
2287 2977 2309 3008 2
2339 2931 2594 3004 Theor.
2619 2944 2664 3002 6
2676 2959 2702 3024 3
2721 2957 2785 3029 5.

698 3039 767 3099 6.
815 3033 899 3102 Et
948 3027 1218 3132 quando
1266 3031 1537 3134 legimus
1593 3037 1825 3133 zReg.
1866 3060 1976 3105 20.
2030 3031 2215 3129 quod
2252 3037 2438 3104 Deus
2470 3030 2766 3104 Ezecliiae
2785 3028 3025 3104 diebus'

597 3127 982 3224 quindecim
998 3158 1202 3203 annos
1222 3131 1589 3215 addiderit,
1631 3129 1765 3204 hoc
1781 3137 1870 3205 ita
1893 3128 2182 3232 capimus
2206 3186 2224 3214 ,
2267 3133 2453 3231 quod
2472 3141 2714 3233 corpus
2731 3129 2898 3203 illius
2916 3158 3022 3203 re·

593 3231 700 3326 gis
739 3234 875 3324 jam
915 3228 1166 3306 viribus
1203 3229 1534 3308 defectum
1557 3230 1869 3334 adeoque
1908 3224 2211 3331 respeau'
2234 3230 2561 3306 causatum
2599 3230 3021 3306 secundatum

590 3332 799 3403 motti
820 3334 1102 3403 vicinum
1122 3381 1142 3413 ,
1166 3354 1348 3405 novo
1368 3340 1436 3405 &
1460 3331 1756 3433 singulari
1776 3332 2025 3406 robore
2042 3337 2223 3404 Deus
2245 3331 2635 3418 firmaverit,
2655 3340 2831 3431 (quae
2852 3359 3027 3407 nova

592 3431 1057 3508 corroboratio
1094 3429 1549 3508 resuscitationi
1586 3431 1855 3530 alicujus
1889 3437 2131 3505 mortui
2170 3432 2684 3531 quodammodo
2702 3434 3023 3535 aequipol-

590 3532 714 3614 let,
735 3545 764 3624 )
796 3559 933 3635 quo
965 3529 1050 3604 ad
1067 3533 1491 3632 praestitutum
1516 3534 1560 3606 εὶ
1577 3533 1798 3610 divina
1816 3531 2236 3635 providentia
2255 3541 2400 3608 vitae
2420 3538 2771 3609 terminum
2786 3561 3023 3634 perve-

591 3656 787 3704 nitet.

690 3757 762 3827 7.
809 3735 961 3807 Sola
991 3741 1187 3808 animi
1225 3735 1512 3807 voluntate
1555 3761 1760 3809 nemo
1801 3739 2123 3812 moritur,
2160 3733 2528 3833 cap.X1.V.
2556 3729 2811 3834 3.seqq.
2871 3732 3014 3803 Ne·

595 3857 723 3934 que
766 3834 837 3902 in
863 3840 1207 3928 perceptione
1240 3843 1440 3906 mentis
1480 3841 1836 3933 quicquam
1873 3837 1963 3907 est
2005 3834 2193 3934 quod
2213 3856 2502 3907 mortem
2517 3832 2817 3907 inducat.
2861 3831 3011 3904 Nee

598 3932 724 4016 ulla
742 3936 809 4006 in
821 3942 1074 4006 Mentem
1092 3932 1322 4018 divifio
1341 3933 1452 4020 vel*
1467 3940 1813 4052 corruptio
1832 3936 2012 4022 cadit
2028 3988 2054 4024 ,
2092 3933 2344 4018 Theor.
2361 3941 2410 4009 6
2422 3964 2447 4011 x
2464 3963 2535 4043 7:
2556 3933 2700 4039 sqq.
2833 4028 3021 4110 Cam

2619 4135 2677 4183 d
