3391 4418
668 107 812 212 158
1310 100 2417 185 DrsPUT‘A‘rro

648 243 797 292 eam
819 221 1427 318 integram&totam
1441 210 1563 286 effe
1585 207 1943 311 subjectum
1963 207 2155 305 hujus
2178 232 2420 282 motus:
2437 206 2586 304 Jam
2608 208 2769 282 vcro
2787 235 2926 282 non
2940 207 3095 311 pos-

651 316 868 391 sumus
882 308 1231 388 existimare
1253 337 1464 386 totam
1487 338 1727 386 terram
1748 318 1997 386 moveri
2007 336 2114 399 ,eo
2135 308 2323 408 quod
2342 306 2804 410 corpusculum
2821 311 3092 409 aliquod

653 422 1039 518 contiguum
1065 414 1149 486 ab
1169 423 1304 510 eJ'us'
1325 419 1603 514 partium
1628 416 1864 485 vicinia
1884 464 1906 498 ‚
1942 417 2009 483 in
2028 414 2332 484 viciniam
2357 409 2623 481 aliarum
2649 462 2670 495 ‚
2695 408 3093 485 transfertur.

651 517 865 593 Simili
897 513 1030 587 fere
1061 515 1386 612 loquendi
1413 514 1668 586 ratione
1690 535 2021 584 mercator
2041 515 2240 582 utitur
2266 564 2288 596 ,
2332 507 2604 609 quando
2624 536 2918 609 pannum
2938 511 3092 587 lon·

651 622 909 719 giorem
945 612 1182 689 forfice
1221 615 1434 687 aliove
1467 613 1898 685 instrumento
1914 617 1979 683 in
2002 611 2163 683 duas
2178 633 2396 711 partes
2416 606 2630 683 divifit
2647 653 2671 687 ‚
2704 637 2979 709 quarum
2993 613 3086 683 al-

651 742 791 791 tera
815 714 1002 787 valde
1023 739 1220 815 parva
1254 714 1344 784 est
1367 766 1389 799 ,
1423 734 1583 785 tunc
1601 718 1774 786 enim
1807 717 2135 784 minorem
2170 713 2338 781 hanc
2356 734 2610 811 partem
2630 709 2666 780 ἃ
2688 720 2941 810 maj0re
2964 711 3087 783 ab·

577 896 582 901 ,
653 817 852 887 latam
887 813 1013 886 five
1038 809 1366 885 absciflam
1396 811 1554 884 dicit
1573 864 1596 899 ,
1631 837 1767 883 non
1804 837 2033 884 contra
2057 863 2079 896 ‚
2111 808 2354 882 etiamfi
2379 834 2594 883 revera
2609 835 2759 908 pars
2776 812 3086 902 majorae-

654 941 784 1014 que
804 911 881 985 fit
899 916 936 989 a
957 921 1212 987 minore
1233 910 1517 1012 separata
1527 932 1610 984 'ac
1627 908 1911 1010 sejunQa
1925 965 1949 999 ,
1989 937 2067 983 ac
2089 915 2305 981 minor
2325 912 2362 980 ἃ
2384 918 2508 1007 maj
2518 935 2659 978 ore·
2703 914 2808 981 Sic
2818 910 3084 1011 gladius

653 1017 912 1109 homini
933 1013 1226 1115 alligatus
1247 1012 1482 1085 dicitur
1500 1064 1524 1099 ,
1564 1036 1702 1084 non
1724 1008 1938 1083 homo
1961 1008 2186 1113 gladio
2206 1064 2228 1096 ‚
2267 1036 2468 1109 quem
2487 1008 2801 1106 loquendi
2815 1036 3081 1081 morem

659 1120 907 1190 Cicero
938 1113 1021 1186 de
1049 1139 1295 1214 genero
1323 1109 1433 1184 suo
1458 1167 1481 1199 ,
1525 1107 1766 1212 pufillae
1789 1112 2035 1183 staturae
2059 1109 2381 1190 homine·,
2422 1119 2653 1209 jocans
2687 1107 3082 1184 invertebat.

656 1213 968 1288 Macrob.
987 1210 1375 1286 Saturn.lib.
1404 1240 1469 1284 2.
1500 1236 1645 1308 cap.
1675 1237 1747 1300 3⁰.
2438 1286 2445 1293 ,

762 1341 871 1410 17.
929 1316 1009 1386 Et
1041 1338 1193 1385 cum
1214 1339 1250 1383 2
1291 1307 1508 1411 saepius
1544 1308 1796 1383 accidat
1813 1364 1833 1394 ‚
1869 1334 1943 1381 ut
1966 1315 2032 1380 in
2049 1333 2216 1382 terra
2238 1306 2448 1382 aliisve
2466 1308 2855 1411 corporibus
2872 1304 3083 1379 trans-

655 1415 937 1487 lationes
951 1411 1071 1486 sint
1085 1419 1424 1484 contrariae
1438 1457 1463 1490 ‚
1505 1418 1532 1505 (
1551 1408 1732 1485 verbi
1765 1413 1973 1511 gratia
1996 1464 2019 1496 ,
2047 1409 2094 1479 s1
2112 1435 2240 1511 ego
2257 1415 2323 1479 in
2340 1432 2506 1482 terra
2522 1407 2732 1483 versus
2750 1412 3081 1482 orientem

654 1514 990 1587 ambulem
1015 1567 1037 1599 ‚
1065 1538 1137 1585 tu
1154 1518 1414 1584 interim
1436 1509 1646 1598 versus
1661 1509 2080 1582 occidentem
2101 1516 2222 1581 iter
2232 1505 2427 1583 facias
2444 1563 2466 1596 ,
2493 1532 2605 1583 aut
2624 1509 2669 1580 fi
2686 1536 2816 1610 ego
2833 1505 3084 1580 librum

652 1639 879 1685 meum
914 1609 1123 1685 versus
1155 1611 1446 1684 dextram
1471 1607 1709 1682 mensae
1737 1632 1994 1709 partem
2010 1635 2347 1693 moveam,
2382 1611 2543 1683 dum
2566 1633 2750 1682 tuum
2773 1605 2981 1683 versus
3001 1605 3107 1697 fis

654 1714 946 1805 nistram)
985 1710 1029 1783 fi
1056 1710 1326 1810 quidem
1356 1706 1663 1781 absoluta:
1695 1732 1917 1777 motus
1949 1731 2191 1779 natura:
2226 1710 2421 1782 verba
2459 1710 2676 1783 nostra
2713 1731 3083 1808 congruere

613 1832 620 1839 ·
655 1811 970 1885 vellemus
990 1865 1012 1898 ,
1049 1837 1148 1883 res
1163 1809 1397 1882 cadem
1416 1805 1660 1879 eodem
1679 1829 1979 1905 tempore
2000 1805 2282 1878 dicenda
2293 1806 2549 1882 foret‘in
2567 1818 2920 1885 contrarias
2928 1834 3084 1910 par-

655 1937 751 1985 tes
768 1908 921 1983 ferri
946 1932 1046 2008 (v.
1065 1939 1131 2008 g.
1152 1934 1321 1983 terra
1339 1907 1523 1979 fimul
1540 1902 1748 1979 versus
1769 1910 2098 1977 orientem
2123 1916 2192 1980 δε
2209 1906 2626 1981 occidentem
2650 1965 2667 1991 ,
2704 1911 2924 1982 mensa
2935 1935 3083 1981 ver-

654 2010 753 2082 sus
786 2010 1078 2080 dextram
1098 2014 1340 2107 pariter
1362 2016 1429 2078 δι
1445 2005 1790 2086 finistram)
1828 2031 1968 2104 quae
1984 2010 2179 2078 nimis
2195 2012 2486 2081 intricata
2501 2062 2523 2096 ,
2569 2008 2823 2108 fibique
2845 2007 2962 2110 ipsi
2977 2034 3081 2082 re-

652 2134 952 2208 pugnans
974 2106 1290 2205 loquendi
1308 2111 1474 2178 ratio
1496 2103 1672 2179 effer.

761 2215 870 2280 18.
919 2208 1033 2278 Ne
1070 2211 1268 2307 igitur
1303 2206 1341 2278 a*
1380 2204 1624 2306 vulgari
1661 2205 1981 2306 loquendi
2022 2204 2491 2280 consuetudine
2512 2214 2787 2282 nimium
2810 2205 3078 2283 receda-

653 2331 802 2378 mus
818 2356 837 2383 ‚
882 2331 1033 2378 cum
1070 2332 1169 2379 ars
1190 2307 1403 2407 logica
1426 2306 1723 2379 distione
1742 2304 2036 2408 pluribus
2054 2331 2317 2409 recepta
2333 2333 2454 2379 nos
2471 2314 2564 2380 uti
2585 2310 2811 2401 jubeat
2829 2364 2853 2396 ,
2881 2317 2949 2381 in
2967 2334 3078 2380 ex-

654 2403 883 2505 emplis
965 2406 1265 2508 ropofitis
1282 2460 1303 2490 ,
1341 2432 1481 2478 non
1523 2425 1762 2478 terram
1792 2431 1901 2479 aut
1922 2402 2242 2494 mensam,
2281 2405 2389 2481 sed
2411 2405 2714 2483 homines
2730 2408 3075 2483 ambulan-

653 2529 748 2587 tes
771 2558 791 2592 ,
828 2515 909 2579 δι.
940 2505 1120 2580 ibros
1140 2512 1390 2580 moveri
1408 2503 1916 2588 affirmabimus,
1960 2532 2157 2608 atque
2181 2515 2271 2581 ita
2296 2509 2379 2581 de
2399 2508 2686 2609 reliquis.

753 2632 781 2675 ι
793 2630 862 2697 9.
909 2609 1187 2681 Accedit
1226 2613 1401 2681 enirn
1424 2631 1733 2709 praeterea
1769 2638 1795 2706 3
1834 2613 2003 2681 ratio
2031 2660 2053 2696 ,
2093 2607 2283 2708 quod
2318 2636 2434 2682 cor
2486 2637 2604 2682 ora
2636 2612 2751 2684 ista
2767 2618 3021 2706 majora
3044 2661 3072 2696 ,

584 2802 588 2805 ‚
650 2731 797 2803 quae
818 2707 1016 2782 veluti
1038 2708 1426 2807 quiescentia
1443 2705 1809 2807 speritamus
1827 2752 1848 2788 ‚
1885 2735 2026 2781 non
2039 2709 2253 2781 modo
2276 2637 2561 2782 eundzm
2584 2708 2778 2785 fitum
2793 2717 3073 2782 retinent

648 2811 817 2876 inter
845 2832 1102 2894 externa
1129 2835 1450 2910 corpora,
1492 2809 1531 2878 a
1549 2807 1789 2904 quibus
1813 2831 1998 2881 certo
2012 2808 2357 2882 intervallo
2377 2810 2611 2883 distant
2646 2821 2676 2904 (
2698 2838 2839 2911 quae
2856 2809 3070 2883 confi-

648 2902 905 2974 deratio
923 2904 1101 3003 vulgi
1119 2909 1265 2996 cst);
1299 2905 1405 2976 sed
1427 2909 1751 3005 praecipue
1770 2961 1790 2992 ,
1810 2914 1961 3005 quia
1980 2911 2423 2982 immediatam
2441 2916 2743 2984 viciniam
2760 2937 2913 2983 cum
2929 2913 3071 2982 aliis

649 3001 1043 3101 corporibus
1078 3006 1244 3074 ultra
1262 3001 1675 3077 existentibus
1693 3013 2012 3106 integram
2032 3005 2280 3080 servant
2318 3017 2343 3102 (
2362 3037 2505 3109 quae
2525 3009 2908 3111 significatio
2930 3036 3071 3081 ma-

648 3107 747 3202 gis
772 3098 1224 3201 philosophica
1253 3103 1393 3194 est.)
1431 3105 1542 3170 Ex.
1567 3100 1747 3175 caula
1769 3155 1788 3182 ‚
1825 3103 1937 3176 ctfi
1955 3105 2118 3179 liber
2134 3108 2218 3177 ab
2241 3111 2461 3206 aliqua
2483 3108 2807 3210 superiore
2833 3108 3067 3186 mensae

647 3223 831 3301 parte
863 3200 1182 3299 separatur
1204 3257 1226 3288 ,
1254 3201 1395 3274 aliae
1438 3225 1658 3272 tamen
1691 3201 1978 3298 ejusdem
2004 3203 2226 3278 mensa:
2247 3234 2459 3305 partes
2478 3206 2869 3309 superiores,
2904 3207 3069 3282 infe-

649 3307 875 3376 riores,
898 3300 1218 3377 laterales,
1241 3301 1484 3373 eodem
1507 3308 1820 3402 temporis
1840 3330 2186 3376 momento
2212 3307 2665 3379 immediatum
2690 3315 3068 3384 contanstum
3173 3335 3187 3349 ·

645 3425 795 3472 curn
827 3405 971 3471 ae're
995 3450 1015 3479 ,
1050 3425 1249 3479 terra,
1283 3397 1492 3471 aliisve
1526 3426 1642 3472 cor
1692 3404 1918 3476 oribus
1951 3401 2395 3475 ambientibus
2427 3405 2752 3483 illibatum
2786 3413 3066 3483 retinere

694 3498 925 3578 offam,
976 3504 1151 3575 Cum
1168 3506 1358 3601 igitur
1375 3497 1587 3572 multo
1606 3429 1819 3602 piures
1839 3499 2065 3574 mensa:
2076 3526 2290 3602 partes
2313 3530 2448 3576 non
2472 3507 2932 3583 transferantur
2948 3564 2970 3597 ,
2995 3521 3067 3586 δε
3130 3501 3135 3506 ’

637 3625 677 3668 a
686 3599 1005 3692 potiorifiat
1022 3602 1399 3670 denominatio
1419 3607 1620 3672 totius
1641 3653 1663 3686 ,
1701 3598 2046 3673 tribuimus
2062 3599 2285 3675 menfie
2302 3613 2454 3703 quie
2463 3630 2620 3682 tem.

746 3723 858 3774 20.
919 3703 1241 3794 Qamvis
1289 3705 1507 3797 itaque
1545 3726 1685 3770 non
1723 3697 2037 3800 possimus
2076 3713 2416 3777 communi
2455 3705 2780 3806 loquendi
2824 3719 3065 3786 rationi

643 3793 899 3894 prorsus
926 3797 1251 3901 refragari,
1269 3824 1487 3871 tamen
1507 3825 1834 3872 memores
1851 3805 2109 3873 interim
2133 3807 2395 3890 erimus,
2412 3807 2479 3877 id
2502 3834 2728 3896 omne,
2746 3814 2934 3908 quod
2957 3842 3065 3885 re-

638 3921 798 3970 vera
827 3900 897 3969 in
939 3898 1333 4005 corporibus
1351 3951 1372 3986 ‚
1411 3925 1555 3998 quae
1591 3907 1944 3976 moventur
1960 3946 1982 3984 ,
2020 3906 2342 3977 invenitur
2364 3958 2383 3992 ‚
2418 3905 2740 4006 quodque
2771 3911 2954 3981 caula
2992 3920 3063 3983 in

2915 4011 3065 4112 ipfis
