3391 4418
975 123 2167 215 CoNTRAcTA.
2676 160 2766 239 53

353 239 658 344 impellit,
706 246 778 315 &
797 261 1032 322 navem
1064 235 1660 331 secundoflumine
1695 234 2199 313 descendentem
2233 238 2308 310 in
2339 233 2761 320 transtetsum

246 411 251 415 .
361 351 510 443 agit.

366 473 380 513 ¹.
462 465 638 531 710.
682 437 927 511 Eadem
953 441 1148 549 primi
1166 437 1474 510 elementi
1504 433 1813 519 materia,
1850 435 2342 525 tumsubtilior‚
2379 460 2523 515 tum
2542 443 2764 519 minus

359 538 641 626 subtilis,
664 545 1117 637 §.6'08.1eqq.
1167 562 1622 640 quatenusper
1652 537 1902 614 meatus
1936 543 2217 615 Planetae
2232 547 2426 631 currit
2449 595 2474 629 ‚
2506 543 2570 620 §-
2589 568 2762 640 490.

355 637 587 719 Versus
600 640 709 737 has
726 642 946 739 potius
966 646 1165 737 quam
1178 640 1315 712 illas
1339 637 1518 713 Coeli
1542 663 1756 740 partes
1773 639 2108 714 Planetam
2129 640 2370 744 dirigit.

338 808 343 813 ,
454 766 539 839 7¹
562 766 617 812 1.
665 744 866 812 Sicuti
903 764 1135 813 ventus
1166 766 1398 814 navem
1433 736 1565 812 huc
1600 742 1824 851 potius
1859 744 2059 840 'quim
2086 740 2237 815 illuc
2266 744 2514 828 flectit,
2554 766 2760 844 prout

348 840 649 917 velorum
676 865 884 941 poros
904 838 1007 915 vel
1020 836 1141 912 alia
1154 849 1350 916 etiam
1382 846 1560 915 navis
1582 842 1910 915 foramina
1938 846 2144 944 magis
2165 864 2276 915 aut
2301 843 2516 914 minus
2555 868 2765 944 pene-

352 965 502 1016 trat.
804 996 811 1005 ·
1448 972 1453 977 ·

330 1107 337 1116 .
434 1069 479 1135 7
495 1069 518 1115 1
533 1067 597 1115 2.
647 1046 963 1115 Praeterea
985 1034 1459 1135 observandum
1477 1032 1693 1139 ,poll'e
1713 1044 2060 1118 motumin
2078 1044 2290 1144 prima
2310 1034 2543 1112 mundi
2562 1044 2761 1140 origi-

340 1168 424 1215 ne
452 1137 2119 1244 Planetaeimpressum‚etiamnumincoperseverare.
2153 1145 2213 1219 §-
2245 1165 2401 1237 152.
2483 1209 2488 1214 .
2529 1182 2534 1187 ¹

445 1271 617 1342 713.
667 1244 789 1317 Uti
822 1239 1024 1312 turbo
1050 1235 1299 1308 semela
1320 1262 1526 1334 puero
1563 1247 1844 1315 intortus
1878 1269 1997 1340 per
2035 1244 2289 1337 aliquot
2309 1237 2490 1308 horae
2517 1239 2770 1308 minuta

351 1336 681 1438 saepiffime
719 1338 1014 1434 gyrando
1050 1361 1310 1406 motum
1341 1342 1680 1408 continuat
1698 1382 1723 1415 ,
1759 1342 2055 1432 quamvis
2076 1346 2147 1407 &
2173 1342 2281 1407 a'e‘r
2303 1339 2770 1432 circumjacens

356 1444 428 1509 δι
452 1458 643 1521 terra,
664 1442 769 1506 cui
791 1431 1035 1516 infistit,
1054 1434 1189 1520 ejus
1211 1437 1430 1502 motui
1452 1429 1880 1502 adversentur.
1902 1433 1966 1531 §.
1993 1454 2070 1527 ¹7
2087 1457 2142 1521 3.

453 1562 500 1628 7
523 1560 632 1626 14·
682 1534 866 1603 Nam
888 1529 1147 1602 brevius
1186 1531 1273 1599 est
1313 1553 1571 1636 tempus
1612 1525 1808 1603 6000
1843 1553 2212 1617 annorum,
2247 1527 2464 1604 ficum
2491 1530 2773 1606 Planetae

358 1628 626 1727 alicujus
656 1627 1102 1729 magnitudine
1124 1653 1581 1728 comparetur,
1612 1631 1812 1729 quaim
1837 1627 2022 1725 hora:
2040 1635 2406 1721 minutum,
2442 1657 2597 1710 cum
2632 1634 2770 1703 exi-

350 1735 467 1831 gui
489 1727 761 1803 turbinis
778 1729 958 1802 mole
984 1724 1315 1800 collatum.
1343 1732 1403 1807 §.
1428 1755 1572 1823 213.
2145 1730 2151 1737 ’
2753 1726 2768 1769 ἶ

453 1851 626 1926 7ις.
680 1828 876 1921 Adde
908 1828 1187 1924 denique
1210 1880 1233 1912 ,
1271 1826 1460 1927 quod
1491 1833 1584 1903 vis
1614 1830 1708 1900 ita
1740 1827 2187 1929 perseverandi
2215 1836 2286 1903 in
2312 1828 2429 1904 suo
2469 1852 2665 1902 motu
2685 1828 2763 1903 fit

340 1928 601 2003 firmior
621 1940 687 2004 ἃ
705 1930 1104 2003 constantior
1121 1934 1188 1999 in
1210 1928 1472 2000 Planeta
1489 1984 1509 2012 ,
1553 1929 1755 2027 qudm
1774 1935 1844 2003 in
1856 1940 2125 2006 materia
2140 1930 2369 2004 caelesti
2386 1926 2759 2002 ambiente:

343 2027 893 2128 quandoquidem
921 2038 1058 2122 eJus
1072 2025 1327 2127 globuli
1345 2072 1368 2102 2
1403 2046 1642 2133 corpus
1659 2029 1937 2101 fluidum
1970 2033 2485 2118 constituentes,=
2505 2055 2649 2101 non
2669 2034 2763 2103 ita

340 2133 410 2200 in
430 2127 717 2200 eundem
737 2150 1004 2202 motum
1042 2124 1228 2196 fimul
1253 2121 1623 2224 conspirant
1641 2167 1667 2203 2
1697 2148 1773 2197 ut
1789 2121 2037 2199 faciunt
2065 2124 2398 2230 particula:
2419 2131 2593 2199 tertii
2622 2126 2763 2221 ele-3
2812 2153 2822 2163 ·

339 2234 570 2307 menti,
586 2229 941 2313 Planetam,
962 2232 1076 2326 qui
1091 2253 1330 2327 corpus
1351 2224 1589 2302 durum
1605 2226 1721 2305 est,
1749 2250 2255 2328 componentes,
2279 2226 2342 2326 §.
2364 2254 2402 2298 2
2415 2253 2446 2321 5
2459 2236 2530 2299 6.
2547 2226 2709 2303 fine.

438 2354 481 2415 7
502 2333 606 2399 16.
657 2329 818 2401 Ideo
842 2326 1352 2406 mutationibus
1378 2349 1521 2423 quae
1553 2323 1861 2399 accidunt
1876 2331 2093 2400 motui
2106 2322 2546 2428 globulorum
2571 2325 2757 2401 caelc-

346 2426 583 2595 2315,
619 2426 679 2532 §.
711 2454 792 2512 17
808 2428 1123 2599 3.§minus
1152 2425 1474 2498 obnoxius
1494 2426 1583 2497 est
1604 2427 1905 2515 Planeta,
1938 2424 2285 2528 praesertim
2316 2422 2366 2497 fi
2387 2450 2657 2527 magnus
2682 2432 2757 2497 δε

453 2525 474 2593 i
528 2528 832 2596 ustuerit.
908 2534 1119 2617 .651.
1200 2553 1221 2590 ·.
1282 2587 1285 2590 ,
2097 2586 2107 2596 .
2509 2575 2517 2582 -

396 2781 407 2790 ·
514 2755 527 2763 “
635 2736 719 2822 Χ
735 2736 846 2822 Χ.
905 2736 1056 2833 sol,
1085 2747 1304 2814 Luna
1331 2788 1359 2834 ,
1387 2739 1610 2813 Terra
1625 2725 1996 2846 specialibs
2033 2725 2483 2834 corfideraetae.

371 2958 564 3024 717.
703 2933 881 3004 Nter
903 2951 1186 3030 corpora
1222 2926 1441 2999 lucida
1465 2934 1539 2998 &
1559 2952 1766 3028 opaca
1786 2979 1808 3012 ,
1852 2924 1936 3000 de
1957 2922 2198 3025 quibus
2228 2928 2477 3024 egimus
2498 2972 2518 3003 ‚
2549 2923 2757 3025 magis

595 2943 792 3118 Iad
845 3053 968 3103 nos
1018 3027 1306 3129 spectant
1359 3026 1475 3099 Sol
1517 3034 1588 3099 &
1625 3032 1806 3101 Luna
1865 3027 2469 3122 (quae·Luminaria
2514 3048 2619 3093 ma
2669 3048 2754 3094 na

349 3130 583 3207 Genes.
616 3162 671 3205 1.
706 3132 854 3211 16.)
905 3128 1180 3201 maxime
1220 3123 1381 3200 verb
1431 3129 1636 3202 Terra
1675 3181 1699 3217 ,
1758 3150 1959 3225 quam
1999 3120 2199 3194 nobis
2252 3118 2593 3222 inhabitari
2646 3149 2764 3227 am·

352 3237 642 3306 Creator
670 3231 875 3305 dedit.

447 3358 490 3422 7
512 3339 614 3409 18.
665 3327 1142 3442 Qamobrem
1169 3351 1381 3430 operae
1397 3323 1689 3428 precium
1711 3329 1832 3397 erit
1850 3346 1921 3395 ut
1933 3326 2371 3396 examinemus
2388 3369 2411 3402 ‚
2436 3317 2751 3422 *quaenam

288 3489 305 3495 ,
343 3438 412 3504 in
430 3430 631 3505 tribus
647 3432 813 3503 hitce
843 3427 1229 3531 corporibus
1250 3473 1270 3509 ‚
1323 3427 1416 3500 ob
1444 3423 1657 3500 modo
1685 3424 2194 3496 demonstratam
2210 3419 2361 3496 fitus
2382 3426 2451 3494 in
2471 3419 2750 3497 Planetis

346 3538 802 3614 variationem,
822 3538 1101 3602 mutatio
1126 3533 1487 3628 contingat.

448 3660 490 3722 7
512 3660 615 3722 ιθ.
678 3634 943 3729 Nempe
969 3636 1228 3728 quoties
1254 3632 1425 3699 inter
1449 3622 1671 3698 Solem
1687 3628 1758 3694 &
1774 3626 2047 3697 Terram
2068 3646 2353 3723 opacum
2385 3626 2579 3694 Lunae
2596 3645 2748 3696 cor-

338 3759 465 3836 pus
485 3738 942 3832 interponitur,
962 3729 1164 3801 existit
1181 3727 1381 3820 eclipsis
1396 3728 1533 3794 Solis
1551 3749 1694 3822 qua:
1717 3748 1987 3796 vocatur
2007 3754 2029 3808 3
2333 3773 2336 3778 -

443 3860 608 3922 720.
662 3828 893 3906 Verius
921 3823 1141 3902 autem
1172 3822 1417 3924 eclipsis
1450 3821 1554 3896 sttu
1574 3819 1868 3895 defeCkus
1898 3823 2156 3895 luminis
2175 3828 2242 3895 in
2263 3825 2469 3893 Terra
2501 3818 2752 3891 dicete-

344 3955 448 4005 tur
499 3965 517 4009 :
568 3938 721 4034 quia
750 3934 868 4007 Sol
907 3951 1184 4032 propter
1221 3926 1411 4022 illam·
1434 3930 1630 4020 Lunae
1661 3917 2234 4098 ingerpofitionem
2275 3924 2422 3995 luce
2460 3914 2566 3991 sua
2608 3919 2750 4029 nori

1336 4047 1349 4058 “
1710 4116 1717 4123 .
1847 4051 1880 4119 3
2371 4073 2382 4080 -
2625 4038 2758 4112 Pn-
