3391 4418
1073 121 1808 213 Privatca-
1912 126 2230 220 ΧΧῙ.”
2666 158 2809 238 ¹9¹

387 248 581 357 quod
598 252 667 320 in
690 234 1102 345 precedente
1115 239 1337 340 regula
1353 237 1475 309 illis
1495 237 1902 314 denotabam
1927 287 1950 320 ,
1972 243 2492 339 quatmmfimplexd
2508 243 2814 321 &indivia

369 361 501 456 sum
516 403 537 439 ,
561 354 721 422 item
745 396 766 432 ,
786 360 1064 436 quantum
1077 345 1137 410 in
1136 343 1202 436 se
1218 337 1312 436 est.
1366 341 1532 410 Non
1546 348 1720 414 enim
1740 342 1991 415 inficias
2002 372 2086 416 eo
2110 399 2130 432 ,
2158 352 2319 445 quin
2342 343 2546 418 multa
2562 369 2810 447 corpo*

381 481 451 529 ra
476 453 708 528 :ite-&o
731 439 909 516 cursu
930 439 1279 513 deflectere
1296 465 1616 541 cogantur
1633 498 1654 530 ‚
1671 470 1949 545 propter
1961 448 2298 519 occurlum
2318 445 2629 532 aliorum,
2648 471 2806 518 cum

378 558 516 650 jam
545 546 974 649 disputatione
1007 548 1205 614 xvu
1234 539 1553 614 ostensum
1589 540 1780 618 fuerit
1800 590 1823 622 ,
1855 551 1922 616 in
1940 547 2243 645 quolibet
2263 568 2456 620 motu
2480 546 2800 619 circulum

379 651 711 756 quendam
731 645 853 719 five
871 647 1213 716 circuitum
1231 643 1352 715 effe
1370 649 1569 716 totius
1588 645 1862 743 alicujus
1885 657 2168 720 materia:
2186 694 2207 727 ‚
2237 675 2381 748 quae
2397 647 2481 720 ad
2500 653 2799 748 corporis

379 762 567 828 unius
589 774 848 824 motum
863 742 1216 817 neceffiirio
1236 741 1419 817 fimul
1440 771 1767 820 movetur.
1818 749 2110 822 Tantum
2131 747 2262 820 hoc
2286 748 2447 822 volo
2468 801 2490 835 ,
2532 772 2797 821 motum

378 877 738 945 omnem-ex
752 843 953 949 seipso
974 848 1226 915 rectum
1241 842 1361 916 effe
1380 900 1405 932 ,
1438 847 1615 936 adeo
1640 847 1894 920 ursolus
1912 851 2019 921 ille
2045 896 2070 929 ‚
2108 853 2450 948 quirezstus
2467 894 2491 925 ‚
2530 849 2796 950 propri&

376 968 443 1033 δι
481 956 702 1028 stricke
720 944 1023 1021 naturalis
1048 943 1173 1013 dici
1192 942 1424 1043 possit3
1463 953 1683 1020 omnis
1699 948 2010 1048 obliquus
2024 947 2540 1049 quodammodo
2560 970 2794 1021 contra

369 1079 710 1146 naturam,
748 1046 969 1118 saltem
1010 1052 1289 1143 primam
1317 1055 1382 1116 δι
1408 1042 1972 1146 [impliciffimam3
2005 1077 2157 1123 cum
2175 1045 2327 1120 alids‘
2350 1045 2795 1121 nullusrevera

368 1183 594 1231 motus
625 1171 870 1223 natutae
900 1142 1089 1243 ipsius
1118 1148 1403 1214 mareriae
1438 1145 1804 1221 adversetur
1840 1204 1863 1236 ,
1902 1149 1906 1154 ’
1934 1174 2004 1222 ut
2031 1154 2333 1250 proxima
2364 1145 2794 1220 antecedente

370 1257 535 1359 disp.
559 1254 936 1325 docuimus·
2197 1271 2202 1274 ’
2269 1291 2280 1306 .
2781 1297 2790 1308 e

480 1384 541 1444 3.
594 1343 1091 1422 Demonstratut
1120 1340 1259 1412 haec
1295 1339 1518 1440 regula
1550 1368 1629 1411 ex
1648 1342 2169 1416 confideratione
2190 1342 2383 1444 ipsius
2403 1341 2570 1414 illius
2585 1341 2802 1442 perfe-

372 1456 618 1527 &ionis
655 1445 891 1530 divinae
914 1495 934 1528 ‚
967 1466 1099 1538 qua
1131 1441 1238 1511 lex
1271 1447 1486 1538 prima
1519 1439 1961 1515 demonstrata
1983 1441 2129 1515 fuit.
2183 1445 2523 1513 Nimirum
2542 1441 2804 1514 exillius

372 1551 778 1655 operationis
797 1597 818 1629 ,
850 1567 980 1640 qua
1001 1545 1187 1612 Deus
1208 1564 1472 1611 motum
1492 1545 1559 1608 in
1579 1537 1836 1611 mundo
1862 1540 2200 1616 conservat
2215 1587 2239 1618 ‚
2273 1539 2798 1613 immutabilitate

371 1664 447 1729 ἃ(
485 1645 912 1749 simplicitate.
964 1645 1280 1713 Animum
1304 1641 1548 1741 quippe
1565 1640 1652 1712 ad
1670 1641 2155 1716 immutabilem
2176 1653 2244 1715 ὅ(
2270 1641 2798 1741 fimplicissimam

366 1758 506 1828 Dei
545 1758 717 1828 circa
755 1768 1017 1817 motum
1040 1747 1492 1841 operationem
1512 1740 1922 1816 advertentes
1941 1799 1964 1830 ,
2001 1769 2240 1845 corpus
2264 1741 2798 1841 unumquodque

362 1849 774 1959 perseverare
811 1841 1186 1944 [impliciter
1217 1850 1288 1914 &
1334 1842 1707 1913 constanter
1742 1846 1810 1913 in
1844 1841 1956 1916 suo
1993 1871 2221 1930 motu,
2259 1841 2579 1941 siquidem
2601 1841 2798 1914 semel

366 1955 650 2055 coeperit
666 1950 917 2021 moveri
937 1997 958 2029 ,
982 1939 1326 2014 restiffime
1346 1940 1735 2040 judicamus.
1773 1942 2376 2044 Qmadmodum
2393 1948 2589 2044 igitur
2610 1948 2797 2015 Deus

364 2077 634 2134 motum
658 2057 724 2122 in
758 2067 1045 2145 corpore
1081 2037 1716 2141 aliquoconservat,
1752 2041 2065 2117 faciendo
2094 2069 2166 2117 ut
2189 2051 2285 2128 is,
2319 2051 2433 2141 qui
2461 2066 2636 2114 nunc
2665 2041 2792 2126 est,¹

366 2149 375 2182 ³
414 2180 571 2230 orto
590 2151 666 2224 fit
688 2195 711 2230 ‚
740 2173 880 2219 non
897 2140 1121 2217 habita
1141 2148 1396 2216 ratione
1416 2145 1764 2241 ejusstatus
1784 2197 1806 2232 ‚
1826 2151 1894 2217 in
1914 2171 2054 2245 quo
2071 2145 2251 2247 prius
2264 2139 2439 2217 forte
2462 2143 2795 2217 collocata

361 2186 580 2332 {uetat
606 2277 704 2325 res
718 2247 828 2321 illa
852 2298 871 2328 ,
903 2271 1047 2345 quae
1064 2267 1411 2317 movetur:
1455 2251 1542 2317 ita
1557 2252 1753 2318 etiam
1769 2245 1975 2320 versus
1995 2272 2138 2318 eam
2164 2269 2404 2317 metam
2419 2251 2630 2347 pergit
2646 2268 2798 2315 cot..

373 2382 497 2460 pus
529 2349 779 2424 mobile
807 2347 1083 2448 dirigere
1099 2391 1123 2422 ‚
1140 2403 1144 2407 ›
1160 2342 1370 2417 versus
1388 2368 1591 2442 quam
1607 2345 1743 2417 hoc
1762 2343 1901 2444 ipso
1921 2338 2233 2446 temporis
2251 2369 2601 2417 momento
2622 2342 2799 2415 dire-

381 2462 562 2531 &um
588 2450 702 2521 est.
754 2448 954 2545 Atqui
973 2449 1158 2516 omni
1177 2468 1524 2517 momento
1540 2444 1924 2546 dispositum
1942 2450 2031 2519 est
2045 2446 2129 2519 ad
2154 2470 2413 2518 motum
2429 2441 2613 2517 suum
2628 2468 2796 2516 con·

378 2549 769 2631 tinuandum
789 2541 1140 2634 secundum
1152 2544 1388 2613 lineam
1409 2549 1655 2616 redbam
1670 2598 1693 2631 ,
1715 2572 1852 2618 non
1869 2544 2227 2633 -secund‘um
2243 2571 2504 2617 curvam
2520 2590 2541 2626 ‚
2561 2566 2797 2643 quam-

378 2664 478 2731 vis
498 2674 685 2725 antea
700 2644 1400 2718 curvilineummotum
1421 2641 1747 2716 habuerit.
2227 2658 2228 2661 ’

472 2783 545 2851 4.
598 2748 856 2823 Clarius
892 2767 964 2816 ut
992 2742 1109 2813 ista
1127 2741 1563 2844 intelligantur
1582 2795 1603 2827 ‚
1633 2746 1745 2815 aio
1763 2796 1785 2830 ,
1814 2767 1953 2816 non
1976 2740 2190 2819 modo
2219 2745 2582 2846 {implicem
2600 2737 2794 2812 dura-

373 2864 630 2933 tionem
650 2895 676 2931 ,
708 2871 775 2919 at
810 2842 1167 2946 (implicem
1193 2867 1466 2942 quoque
1494 2847 1665 2914 viam
1689 2852 1900 2917 motui
1934 2844 2122 2945 perse
2142 2838 2793 2948 specstato&ptout=i

370 2961 535 3031 Deo
570 2946 823 3053 pendet
852 2940 1273 3018 'considerato
1311 2941 1730 3016 tribuendam
1759 2941 1904 3019 effe.
1964 2950 2060 3022 Ut
2091 2954 2160 3021 in
2198 2947 2544 3018 duratione
2566 2965 2792 3014 motus

373 3053 761 3156 simplicitas·
782 3047 1001 3139 elucet
1020 3098 1058 3132 „
1086 3051 1159 3114 δι
1186 3044 1543 3116 constantia
1565 3071 1585 3115 ι
1632 3049 1725 3117 ita
1746 3053 1811 3117 in
1838 3052 1939 3119 via
1969 3073 2195 3120 motus
2217 3046 2390 3118 nulla
2415 3042 2742 3116 anomalia
2761 3082 2808 3116 »γ

371 3163 643 3230 varietas
657 3148 758 3223 vel
776 3145 1222 3219 inconstantia·
1270 3145 1554 3218 onenda.
1606 3146 1678 3215 N
1682 3146 2090 3219 ullus-autem
2105 3154 2288 3248 prior
2303 3200 2326 3232 ,
2349 3142 2703 3245 (implicior
2719 3147 2790 3213 ὃ(

370 3245 638 3329 brevior
656 3269 1152 3345 motuS,.quam
1185 3171 1292 3315 ille
1317 3301 1334 3326 ,
1373 3250 1486 3343 qui
1524 3246 1600 3314 fit
1639 3236 1995 3318 seclindum
2035 3246 2274 3318 lineam
2309 3250 2582 3317 ceolam.
2632 3239 2792 3315 Sola

362 3362 617 3459 quippe
647 3347 817 3421 linea
836 3350 1015 3419 reela
1029 3398 1052 3431 ,
1087 3369 1230 3441 quae
1249 3344 1560 3416 definitur
1586 3341 1955 3416 breviffima
1974 3345 2060 3416 ab
2082 3372 2219 3417 uno
2240 3349 2492 3444 punito
2508 3342 2592 3415 ad
2601 3339 2790 3436 aliud

357 3458 694 3564 parietum
720 3442 1005 3541 extenfio
1027 3495 1050 3533 ,
1080 3470 1201 3545 per
1216 3448 1445 3516 omnia
1462 3438 1664 3516 &fibi
1681 3453 1754 3516 &
1773 3442 1880 3514 alii
1898 3450 2085 3518 redtae
2285 3446 2414 3517 ruit
2430 3500 2452 3532 ‚
2485 3445 2701 3540 estque
2722 3444 2794 3509 in

404 3557 588 3643 lures
628 3548 670 3620 s
698 3552 866 3620 ecies
905 3544 1262 3617 individua.
1315 3546 1690 3615 Curvarum
1734 3540 1975 3645 species
2005 3471 2414 3647 pluffint,
2443 3549 2614 3614 inter
2631 3562 2816 3639 quas·

358 3577 833 3758 {implicifilma
862 3643 1134 3745 quidem
1153 3641 1474 3715 circularis
1495 3689 1518 3721 2
1556 3669 1698 3743 quae
1715 3667 1936 3716 tamen
1958 3646 2074 3719 fim
2126 3646 2363 3717 licitate
2381 3640 2558 3715 cedit
2579 3645 2822 3714 κάκ..

366 3762 554 3836 Nam
575 3751 794 3855 primo
817 3770 1007 3819 motu
1028 3748 1248 3822 reeiae,
1286 3746 1531 3843 quami
1552 3768 1779 3818 centro
1796 3745 1880 3816 ad
1897 3674 2333 3846 periplleriam
2351 3736 2609 3815 extendi
2626 3766 2791 3813 con·

343 3866 649 3961 ‘cipimus
671 3894 693 3933 ‚
725 3869 1129 3952 procreatur.
1180 3843 1439 3914 Deinde
1463 3867 1713 3915 -omnes
1746 3845 2018 3942 quidem
2053 3854 2196 3943 ejus
2221 3868 2439 3945 partes
2479 3841 2595 3913 fibi
2633 3866 2799 3913 con-

361 3982 616 4066 gruunt
636 4012 655 4039 ‚
687 3951 735 4025 sl
752 3970 1129 4023 convexum
1151 3968 1454 4016 convexo
1468 3997 1491 4031 ,
1515 3967 1883 4018 concavum
1904 3952 2297 4020 concavitati
2312 3946 2596 4045 applices
2615 3993 2638 4025 ,
2663 3958 2827 4009 non’·

862 4058 876 4073 ⁹
2545 4055 2807 4107 contra.
2825 4084 2830 4088 ,
