3391 4418
656 113 829 199 430
1081 77 2607 172 ‘Coxroxxsnrllnruae

660 211 1072 303 Qanquam
1100 205 1432 299 optimum
1450 193 1525 270 fit
1545 204 1615 270 &
1636 216 1877 267 naturae
1901 200 2138 266 mentis
2157 185 2837 267 convenientiffimutn
2854 245 2879 282 ,
2894 200 3101 298 φής-ζ

657 303 825 400 quid
861 304 1062 374 etiam
1094 299 1470 401 praejudicia
1509 306 1577 369 δε
1602 293 1803 368 verba
1822 294 2241 398 obstrepant}
2275 290 2529 364 nullum
2545 300 2686 387 ejus
2705 291 2933 370 locum
2952 325 3089 374 nec

655 404 939 475 localem
971 424 1232 475 motum
1252 395 1656 471 confidet-are
1678 427 1695 470 ε
1724 402 1967 496 quippe
1990 420 2134 494 quae
2152 418 2513 495 corporum
2531 389 2678 465 sunt
2695 389 3086 477 affectiones

707 529 784 575 ro
835 529 959 575 riae.

655 529 702 604 P
753 530 830 677 ΒΕ.)
854 610 947 674 At
966 597 1375 673 contradicat
1393 602 1537 695 quis
1555 592 2072 696 praecedentibus
2095 593 2204 666 tali
2228 616 2417 666 utens
2433 618 2857 693 argumento:
2883 603 3085 679 Mens

652 701 902 804 semper
923 705 1177 801 cogitat
1196 750 1219 784 ‚
1255 707 1326 770 &
1345 702 1591 797 cogitat
1611 695 1691 765 de
1715 694 1939 791 aliquo
1953 749 1974 781 ,
2009 696 2143 767 hoc
2162 692 2409 792 aliquid
2427 701 2567 792 ejus
2587 692 2935 789 objeQum
2954 725 3083 774 vo-

650 826 856 874 catur.
910 802 1276 898 Nunquam
1302 803 1498 898 igitur
1517 796 1735 897 potest
1752 791 1834 864 ab
1860 794 2133 891 objecto
2155 793 2423 893 separari
2441 844 2465 878 ,
2509 800 2750 896 quippe
2774 800 2971 893 quod
2989 804 3075 876 ad

651 905 874 973 aestum
907 907 1047 992 ejus
1078 906 1546 970 immanentem
1582 898 1967 992 requiritur,
1997 897 2152 967 licet
2181 892 2377 995 poffit
2396 888 2719 992 separari&
2740 920 3072 998 corpore,

651 1003 758 1071 cui
779 1000 1001 1091 juncta
1019 1000 1109 1069 est
1127 1024 1246 1097 per
1271 1000 1495 1068 astum
1517 994 1947 1067 transeuntem
1964 1047 1987 1081 ‚
2023 1020 2099 1066 ac
2124 1018 2345 1066 revera
2363 989 2684 1092 separetur
2699 1045 2722 1080 ,
2752 993 2915 1070 dum
2934 997 3072 1074 ho.

648 1106 768 1169 mo
797 1108 1096 1171 moritur.
1174 1094 1463 1168 Proinde
1495 1119 1677 1166 mens
1704 1092 1988 1169 humana
2010 1121 2165 1166 cum
2199 1090 2473 1189 objecto
2501 1093 2701 1192 quam
2729 1120 2880 1169 cum
2914 1124 3072 1173 cor..

647 1223 814 1298 pore
831 1196 996 1283 suo,
1033 1198 1146 1269 ista
1169 1195 1436 1294 quidem
1465 1195 1752 1282 ratione,
1791 1194 2023 1266 arelius
2049 1196 2222 1265 nesti
2241 1191 2561 1265 videatur.

750 1324 820 1386 9.
870 1301 1028 1396 Resp.
1063 1323 1122 1369 1.
1143 1294 1469 1393 Equidem
1490 1319 1621 1366 tam
1644 1294 2060 1367 necelsarium
2082 1292 2174 1365 est
2190 1342 2212 1376 ,
2242 1316 2531 1365 mentem
2549 1289 2806 1395 semper
2823 1296 3063 1374 habere

646 1394 990 1489 objectum
1011 1395 1282 1494 aliquod
1298 1441 1318 1476 ‚
1401 1398 1549 1468 uim
1573 1394 1991 1468 neceffarium
2009 1393 2131 1476 est,
2155 1418 2301 1463 eam
2320 1388 2570 1491 semper
2589 1400 2905 1496 cogitare.
2934 1407 3065 1475 At·

699 1503 763 1568 ui
804 1523 870 1569 2.
895 1521 1034 1568 non
1056 1498 1147 1566 est
1167 1520 1324 1566 nece
1377 1520 1489 1566 um
1512 1517 1583 1567 ut
1607 1494 1949 1592 objectum
1974 1492 2110 1565 hoc
2129 1491 2305 1564 aliud
2323 1490 2400 1562 fit
2416 1517 2494 1564 ac
2512 1490 2643 1592 ipfit
2667 1521 2845 1569 mens
2863 1551 2885 1579 ‚
2914 1524 3065 1597 quae

676 1601 917 1668 uimeti
967 1596 1090 1668 lius
1109 1618 1377 1667 contem
1430 1594 1675 1667 latione
1694 1600 1906 1669 vivere
1924 1600 2121 1691 atque
2143 1588 2467 1663 subsistere
2489 1636 2512 1672 ‚
2546 1591 2675 1663 abs
2704 1622 2785 1667 ue
2804 1595 2941 1670 ullo
2955 1624 3066 1670 ex..

650 1718 843 1768 terno
881 1724 925 1769 o
977 1696 1156 1787 jecit-o
1193 1621 1594 1796 apprezienso
1611 1740 1637 1773 ‚
1675 1694 1871 1777 valet.
1938 1694 2051 1765 Ac·
2069 1717 2127 1787 3.
2159 1715 2283 1763 nos
2319 1693 2589 1767 minime
2841 1723 3062 1786 amus,

647 1819 940 1869 mentem
972 1800 1206 1869 arctius
1235 1799 1501 1892 corpori
1526 1798 1699 1866 nee‘ti
1725 1837 1750 1871 ‚
1792 1790 1989 1893 quam
2011 1788 2129 1862 fibi
2156 1787 2288 1890 ipsa
2313 1800 2772 1894 conjungatur.
2835 1798 3064 1897 Nega.

645 1920 790 1967 mus
820 1895 1112 1976 tantum,
1138 1893 1275 1965 aliis
1306 1918 1451 1963 eam
1472 1891 1796 1987 objeffis,
1832 1888 2173 1991 praesertim
2203 1892 2430 1964 creatis
2459 1900 2530 1963 δε
2558 1899 2896 1992 corporeis
2925 1921 3062 1968 tam

645 1997 1034 2092 propinquo
1056 2016 1221 2063 nexu
1242 1990 1617 2090 copulatam
1645 1988 1768 2063 effe
1782 2033 1809 2067 ³
1838 1988 2036 2088 quam
2061 1994 2329 2092 corpori
2349 1987 2460 2063 suo
2476 1991 2836 2091 copulatur.

755 2116 870 2164 10.
917 2089 1211 2187 Aliquod
1244 2090 1494 2189 semper
1525 2087 1868 2186 objectum
1899 2094 2155 2162 animus
2188 2094 2413 2190 exigit,
2443 2113 2506 2161 at
2523 2115 2658 2161 non
2675 2090 2860 2162 idem
2881 2089 3065 2161 {em-

641 2214 794 2289 per:
821 2188 1047 2289 potius
1082 2187 1496 2263 identitatem
1524 2186 1941 2264 hancnaturz'i
1965 2186 2069 2263 sui
2089 2188 2406 2263 aversatur
2426 2196 2493 2264 &
2517 2188 2662 2263 odit
2682 2241 2704 2270 ‚
2734 2194 3059 2263 varietate

639 2289 874 2361 contrzl
911 2287 1288 2364 delectatur.
1345 2290 1512 2362 Non
1547 2287 1766 2364 similis
1795 2286 1987 2361 datur
2004 2296 2305 2392 corporis
2317 2289 2585 2363 humani
2599 2314 2751 2363 cum
2769 2315 3057 2393 corpore

638 2395 1078 2462 commutatio
1091 2434 1114 2471 ‚
1147 2389 1366 2462 fimilis
1383 2388 1471 2462 ad
1488 2416 1733 2492 corpus
1748 2386 2025 2463 accessus
2041 2411 2240 2489 atque
2260 2389 2346 2463 ab
2364 2389 2607 2466 eodem
2625 2386 2935 2466 discentis.
2966 2393 3055 2463 Et

635 2486 762 2562 hac
779 2485 910 2591 ipsa
939 2491 1010 2578 in
1027 2515 1097 2565 re
1115 2495 1533 2593 comparatio
1553 2492 1846 2564 instituta
1859 2485 1985 2563 fuit
2002 2486 2312 2592 superius.

1379 2681 1461 2766 C
1523 2702 1584 2760 A
1647 2706 1721 2762 ι».
1825 2667 2275 2764 XLVII..

739 2811 940 2891 Idem
954 2807 1041 2888 de
1057 2806 1548 2920 conjunbl'ione
1564 2825 1795 2889 nauta
1814 2836 1974 2888 cum
1987 2812 2193 2907 navi,
2224 2807 2462 2922 angeli
2478 2836 2640 2890 cum
2657 2831 2929 2922 corpore
3000 2873 3025 2887 ,

876 2919 1176 3031 afflcmto
1188 2922 1752 3033 intemgendum.
1810 2927 2156 3001 Animam
2170 2934 2465 3035 corporis
2464 2922 2785 3032 firmam
2908 2969 2911 2974 -

1094 3060 1223 3114 nec
1238 3036 1660 3145 ssste'ntem
1675 3089 1707 3133 ,
1731 3061 1855 3112 nec
1870 3035 2380 3142 informantem
2396 3036 2555 3146 effi.

628 3202 691 3250 1.
876 3182 943 3247 Χ
989 3172 1225 3246 eadem
1265 3181 1776 3275 ‘comparatione
1824 3171 2203 3250 refelluntur
2249 3183 2362 3278 qui
2389 3201 2627 3279 putant
2665 3203 2743 3248 ea
2778 3179 3044 3250 ratione

715 3188 858 3344 Ε
874 3296 1170 3345 mentem·
1201 3271 1413 3346 adeffe
1446 3280 1715 3376 corpori
1736 3327 1760 3362 ,
1796 3300 1933 3375 quo
1954 3301 2149 3349 nauta
2166 3283 2427 3381 navigio
2444 3279 2618 3351 adest
2635 3330 2658 3364 ‚
2695 3277 3044 3374 quamfor-

625 3396 789 3448 mam
803 3369 1130 3470 asststentem
1150 3371 1503 3473 appellant.
1528 3378 1756 3459 Nauta
1770 3381 1943 3447 enim
1968 3376 2004 3448 εὶ
2032 3403 2196 3460 nave
2215 3376 2418 3465 abire,
2434 3383 2807 3476 iterumque
2828 3377 2934 3451 vel
2950 3374 3040 3448 ad

624 3471 907 3549 eandem
934 3471 1036 3545 vel
1062 3469 1150 3546 ad
1167 3471 1356 3544 aliam
1373 3500 1501 3574 pro
1527 3472 1800 3548 arbitrio
1817 3476 2130 3548 accedere
2152 3479 2363 3576 potest
2384 3486 2453 3551 ὅ(
2475 3475 2658 3549 solet.
2761 3561 2776 3570 ,

633 3614 641 3622 ·
723 3600 788 3647 2.
837 3577 1083 3645 Anima
1096 3615 1119 3651 ‚
1137 3567 1184 3643 fi
1199 3572 1523 3672 quidem&
1543 3580 1699 3648 Deo
1718 3577 1972 3647 c'reatur
1991 3583 2059 3647 δε
2086 3584 2348 3678 corpori
2366 3573 2738 3649 infunditur
2751 3629 2774 3660 ,
2797 3572 3031 3648 {ecun-

620 3669 785 3741 dum
811 3697 928 3757 ea,
954 3698 1096 3769 quae
1114 3697 1260 3774 cap.
1287 3675 1569 3758 XXXV,
1585 3676 1591 3682 ’
1608 3699 1672 3762 2,
1689 3668 2038 3747 habuimus
2053 3728 2074 3760 ,
2097 3699 2229 3750 non
2245 3678 2334 3748 est
2359 3680 2543 3778 prior
2564 3701 2849 3776 corpore
2868 3671 2986 3745 suo
3007 3725 3034 3758 ,

620 3764 834 3842 multo
861 3771 1074 3844 minus
1093 3769 1255 3845 illud
1269 3768 1392 3844 fibi
1404 3769 1703 3848 fabricat.
1721 3772 1870 3846 vide
1890 3773 2138 3852 Theor.
2163 3785 2329 3871 646.
2376 3777 2467 3850 At
2487 3799 2686 3850 nauta
2700 3781 2876 3877 prius
2892 3777 3040 3843 exi-

609 3863 781 3942 stens
795 3887 1031 3940 navem
1043 3866 1163 3946 fibi
1181 3871 1502 3950 edificare
1511 3873 1756 3978 potest.
2884 3973 2996 4046 An
