3391 4418
599 133 779 230 υθέ
1272 128 2353 215 Βιίςρυτιιτιο

595 268 834 346 aquam
866 245 1221 343 percutiar..
1242 238 1782 342 4Speetandum
1818 239 1909 311 est
1928 290 1952 325 ,
1988 239 2346 338 quomodo
2366 236 2488 322 [ibi
2503 263 2852 318 occurrant
2868 253 3038 316 εστι,
3153 279 3169 291 ‘

598 369 767 449 pora
799 338 1084 429 diversa,
1114 341 1219 416 seu
1259 348 1406 440 quis
1428 337 1762 440 qualisque
1794 339 2037 412 modus·
2051 337 2130 413 fit
2149 385 2172 417 ‚
2208 338 2482 439 qunfibi
2504 345 2785 415 invicem
2801 365 3026 443 oppo-

603 468 844 519 nuntur
864 473 881 516 ε
912 469 1013 515 ex.
1032 467 1130 543 gr.
1147 443 1381 542 lapillis
1396 473 1399 480 ⁸
1414 437 1815 515 transversim
1841 445 1909 511 in
1930 466 2171 540 aquam
2185 440 2383 514 miffis
2403 437 2624 516 resistit
2643 469 2813 543 aqua
2832 474 2853 530 ς
2880 471 3024 518 non

605 553 763 619 item
777 551 855 617 iis
876 595 900 628 ,
928 548 1043 642 qui
1063 542 1680 644 perpendiculariter
1697 538 2013 614 incidunt.

708 673 738 719 1
756 673 782 718 1
797 696 816 717 .
868 648 948 715 Et
964 649 1281 741 quoniam
1298 641 1407 713 hic
1426 640 1796 741 dispicimus
1811 693 1831 725 ,
1854 638 2210 738 quomodo
2225 665 2504 742 corpora
2523 636 2640 711 fibi
2667 640 2931 741 agendo
2958 654 3030 718 δε

610 741 963 820 resistendo
978 767 1344 844 repugnent
1365 794 1387 828 ,
1429 739 1909 813 observandum
1932 741 2022 812 est
2041 793 2064 824 ,
2103 765 2361 813 motum
2377 766 2582 813 unum
2605 740 2787 816 alteri
2811 752 3027 819 motui

611 846 800 942 aeque
839 843 1051 917 veloci
1071 869 1197 943 perf
1218 840 1279 914 se
1302 868 1442 913 non
1463 837 1586 915 effe
1608 846 2054 923 contrarium
2084 837 2190 910 sed
2211 842 2476 941 proprie
2499 838 2829 939 duplicem
2856 841 3040 916 dun—.

612 968 787 1020 taxat
796 949 863 1015 in
884 941 1076 1015 rebus
1090 938 1369 1034 Physicis
1382 946 1649 1015 inveniri
1661 967 1971 1042 pugnam.
1990 941 2180 1011 Prior
2189 940 2279 1010 est
2293 946 2460 1012 inter
2471 964 2731 1014 motum
2749 949 2821 1013 δε
2835 950 3029 1040 quie·

615 1067 749 1119 tem
773 1097 795 1129 ‚
821 1072 882 1115 v.
898 1071 962 1143 g.
985 1048 1159 1114 inter·
1169 1040 1459 1113 calorem
1481 1049 1552 1114 &
1566 1037 1781 1140 frigus.
1838 1044 2108 1112 Motum
2129 1046 2303 1111 enim
2326 1048 2394 1112 &
2411 1045 2700 1137 quietem
2715 1039 2881 1114 duos
2900 1040 3029 1115 effe

612 1141 862 1234 modos
875 1143 1099 1215 natura
1118 1137 1226 1212 sua
1243 1137 1583 1240 oppositos
1597 1166 1673 1213 ex
1689 1136 1974 1239 ipsorum
1993 1138 2489 1213 definitionibus
2501 1138 2899 1240 intelligitur.
2911 1142 3027 1215 Ad

610 1245 783 1317 hanc
808 1268 1026 1315 autem
1056 1238 1544 1342 oppositionem
1562 1243 1763 1310 etiam
1787 1264 1862 1310 ea
1884 1235 2102 1310 referri
2120 1239 2332 1339 potest
2352 1261 2374 1324 3
2411 1264 2555 1336 quae
2578 1238 2664 1310 est
2682 1243 2851 1313 inter
2870 1267 3027 1314 mo·

611 1370 714 1419 tus
729 1342 1130 1417 celeritatem
1151 1351 1217 1416 &
1236 1340 1633 1414 tarditatem.
1658 1339 1978 1412 Tarditas
1993 1348 2237 1439 quippe
2260 1344 2477 1413 omnis
2492 1336 2793 1412 nonnihil
2811 1339 2892 1414 de
2911 1366 3027 1413 na-

612 1471 755 1519 tura
786 1448 1022 1541 quietis
1052 1446 1401 1544 participat
1423 1486 1446 1518 2
1487 1449 1558 1514 &
1588 1438 1860 1537 quidem
1885 1444 2068 1511 tanto
2090 1440 2231 1538 plus
2249 1482 2274 1516 ι
2307 1443 2559 1534 quanto
2578 1446 2790 1535 major
2804 1442 3029 1515 existit.

616 1541 842 1618 Simile
869 1543 1001 1628 est,
1035 1541 1222 1640 quod
1253 1541 1469 1614 homo
1500 1541 1803 1626 tardioris
1837 1543 2080 1641 ingenii
2101 1536 2310 1612 affinis
2332 1538 2422 1610 est
2439 1534 2721 1639 stupido,
2778 1546 2874 1613 Ita
2888 1543 3028 1640 quo

614 1651 826 1719 minus
843 1648 1119 1743 agitatur
1132 1668 1298 1740 aqua
1318 1687 1341 1719 ,
1376 1643 1465 1710 'eo
1478 1636 1729 1710 facilius
1739 1637 1890 1738 gelu
1911 1639 2397 1740 constringitur.
2849 1665 2850 1668 ¹

721 1770 749 1820 ι
767 1753 830 1817 2.
881 1744 1207 1831 Posterior
1223 1737 1622 1840 physicarum
1641 1764 1856 1809 rerum
1873 1743 1942 1809 in
1957 1736 2216 1839 agendo
2235 1746 2303 1810 δε
2318 1735 2668 1814 resistendo
2679 1763 2899 1843 pugna
2919 1737 3041 1816 de-

621 1842 866 1950 pendet
893 1867 969 1913 ex
987 1840 1349 1914 direffione
1370 1860 1589 1909 motus
1608 1835 1821 1911 versus
1838 1837 2120 1936 aliquam
2139 1841 2473 1936 regionem
2493 1847 2564 1912 &
2582 1839 2856 1914 occursu
2878 1866 3037 1912 cor·

620 1950 800 2046 poris
829 1947 897 2012 in
915 1939 1020 2010 illa
1042 1946 1304 2039 regione
1325 1935 1711 2034 quiescentis
1732 1981 1754 2015 2
1783 1937 1885 2010 vel
1904 1942 2089 2010 aliter
2108 1944 2298 2008 moti.
2352 1945 2668 2016 Movetur
2683 1965 2898 2014 autem
2918 1940 3038 2012 ali-

625 2069 723 2117 ter
745 2092 764 2120 ‚
784 2038 831 2110 ss
851 2036 955 2109 vel
970 2038 1256 2109 tardiore
1270 2035 1476 2137 gradu
1495 2038 1640 2121 ,vel
1654 2029 1897 2130 diversa
1919 2039 2014 2112 viz'i
2036 2036 2319 2110 incedit:
2345 2064 2493 2136 quae
2504 2044 2610 2113 via
2621 2040 2724 2112 vel
2743 2041 2988 2113 direre
3013 2085 3037 2122 2

622 2140 727 2217 vel
766 2135 1171 2212 transversim
1191 2192 1210 2219 ,
1250 2135 1354 2211 vel
1389 2135 1616 2208 mediis
1650 2134 2038 2237 quibusdam
2067 2136 2295 2209 modis
2325 2136 2715 2213 adversatur.
2795 2140 3037 2238 Estque

625 2236 929 2316 diffensus
943 2238 1051 2310 hic
1063 2238 1388 2339 posterior
1402 2263 1577 2310 nunc
1595 2247 1810 2335 major
1828 2293 1850 2326 ‚
1890 2265 2061 2315 nunc
2079 2244 2297 2311 minor
2312 2285 2334 2321 ,
2350 2266 2477 2341 pro
2501 2239 2621 2313 situ
2639 2248 2946 2344 regioniS,
2964 2240 3036 2311 in

626 2363 829 2445 quam
848 2365 1086 2438 corpus
1103 2337 1285 2410 alteri
1303 2363 1646 2411 occurrens
1663 2336 1887 2414 fertur.

634 2490 637 2495 -
734 2468 840 2536 ¹3·
897 2444 985 2513 Ex
1002 2436 1103 2511 his
1119 2441 1316 2538 igitur
1335 2476 1364 2525 ‚*
1397 2463 1545 2536 quae
1567 2435 1936 2525 dictasunt,
1971 2462 2043 2511 ut
2057 2438 2368 2540 possimus
2386 2438 2691 2513 aestimare
2710 2495 2728 2524 ,
2765 2466 2904 2539 quo
2916 2464 3037 2539 pa-

628 2547 745 2617 sto
762 2566 765 2567 *
783 2538 1025 2643 [iugula
1069 2564 1351 2641 corpora
1383 2563 1605 2611 motus
1636 2536 1783 2610 suos
1817 2562 2094 2640 augeant
2111 2592 2134 2624 ,
2169 2538 2269 2611 vel
2300 2543 2597 2615 minuant
2616 2584 2641 2624 ·,
2671 2539 2784 2612 'vel
2800 2538 3032 2612 aliasin

625 2662 839 2751 'partes
870 2664 1258 2716 convertant
1293 2646 1318 2734 (
1338 2641 1565 2740 triplex
1598 2643 1779 2712 enim
1812 2636 2185 2736 hujusmodi
2226 2642 2498 2711 variatio
2519 2647 2729 2715 motui
2749 2637 3027 2733 accidit)

627 2763 900 2845 oportet
916 2741 1125 2816 solum
1138 2738 1473 2815 ¹attendere
1496 2792 1517 2825 ‚
1540 2763 1859 2838 quantum
1874 2746 1940 2812 in
1956 2762 2361 2838 unoquoque
2383 2765 2663 2839 corpore
2678 2740 2752 2814 fit
2769 2745 3030 2816 virium»

624 2842 752 2915 five
775 2842 859 2912 ad
883 2842 1283 2913 movendum
1302 2891 1322 2922 ,
1352 2836 1479 2910 five
1495 2838 1581 2910 ad
1592 2838 2236 2912 moruirefistendum
2255 2893 2275 2925 ,
2300 2866 2377 2913 ac
2397 2866 2719 2940 procerte
2737 2840 3029 2919 statuere,

622 2939 786 3015 illud
813 2936 1099 3038 semper,
1130 2936 1320 3034 quod
1351 2938 1662 3010 valentius
1690 2939 1818 3014 est,
1857 2936 2061 3012 sortiri
2081 2936 2261 3011 suum
2284 2937 2636 3015 effectum.»
2669 2938 2871 3015 Unde
2888 2940 3030 3011 vul..

625 3060 851 3144 garum
886 3036 1045 3111 illud
1091 3042 1385 3107 axioma:
1415 3047 1588 3108 omnia
1598 3039 1967 3136 ablioplysica
1988 3043 2147 3109 anim
2165 3043 2225 3109 in
2236 3042 2769 3140 alterumsundaetur
2786 3045 2846 3125 in
2862 3045 3033 3124 visto-

622 3148 714 3214 νᾶα
733 3141 805 3214 (y
816 3138 1026 3232 exceffu
1043 3143 1279 3229 agontii.
1520 3137 1523 3139 ’
2355 3168 2360 3179 ·
2587 3182 2590 3191 1

723 3263 837 3327 14.
862 3233 1073 3312 Usum
1093 3234 1409 3307 doetrinae
1422 3234 1609 3330 hujus
1620 3235 1896 3337 phyficae
1908 3237 2337 3337 multiplicem
2355 3240 2848 3339 sequentibusin
2862 3247 3029 3319 Pro?

622 3336 919 3431 blematis
951 3333 1175 3406 licebit
1204 3333 1740 3409 animadvertere.
1803 3366 1861 3411 1.
1893 3346 2036 3414 Cur
2054 3347 2122 3411 in
2145 3333 2441 3411 familiari
2463 3347 2680 3441 pueris
2713 3339 3029 3443 globulo-‘-

621 3464 767 3514 rum
788 3432 923 3509 lusu
947 3480 970 3513 ,
1006 3431 1049 3505 fi
1071 3459 1232 3507 unus
1263 3442 1327 3505 in
1350 3436 1624 3507 alterum
1643 3437 1732 3515 fic
1750 3439 2106 3538 impellitur
2121 3481 2144 3513 ,
2177 3463 2250 3512 ut
2273 3440 2430 3512 'eum
2450 3447 2744 3516 accurate
2762 3462 2985 3542 tangat
3000 3491 3021 3520 ,

618 3545 801 3642 prior
824 3533 1052 3608 sistitur
1072 3587 1094 3614 ‚
1135 3541 1204 3606 δε
1228 3534 1389 3606 alter
1412 3533 1657 3606 eadem
1682 3534 2010 3611 eeleritate
2042 3562 2375 3625 movetur,
2414 3534 2542 3639 qua
2555 3543 2708 3615 ante
2727 3546 2946 3642 prior;
2980 3535 3026 3609 fi

618 3665 694 3710 ex
709 3660 886 3737 parte
908 3629 1112 3707 solum
1142 3656 1362 3739 tangat
1384 3685 1406 3718 ‚
1425 3636 1610 3707 tanto
1634 3633 1878 3708 tardius
1898 3663 2202 3712 movetur
2218 3645 2398 3740 prior
2412 3682 2436 3722 ‚-
2453 3644 2705 3739 quanto
2722 3641 2867 3741 plus
2881 3664 3030 3711 mo·

615 3735 1085 3835 tusposteriori·
1120 3738 1668 3819 'communicavit3
1702 3731 1798 3805 fin
1830 3744 2017 3836 prior
2033 3741 2466 3837 posteriorem
2489 3740 2681 3840 plane
2705 3746 3025 3814 intactum

614 3856 1000 3942 pretereat,
1037 3826 1145 3905 ille
1176 3843 1387 3938 pergit
1416 3832 1722 3907 celeriter
1754 3844 2051 3909 moveri?
2086 3836 2549 3939 Respondeant
2583 3866 2678 3921 ex,
2701 3839 3029 3929 declarata

610 3938 753 4043 jam*
788 3934 930 4039 lege
961 3956 1207 4013 aarum
1239 3936 1460 4028 tirr‘tia³
1494 3937 1654 4036 quia
1684 3933 1998 4041 globulus
2019 3959 2275 4013 tantum
2294 3944 2538 4017 amittit
2553 3937 2642 4019 de
2653 3939 2774 4021 suo
2795 3963 3028 4043 motu,

678 4083 686 4089 .
732 4081 741 4089 .
774 4078 789 4088 ⁴
806 4074 837 4090 .-
1502 4066 1519 4083 r
1600 4088 1601 4093 ¹
2816 4062 3032 4138 quan-
