3391 4418
1207 126 1277 211 P
1391 151 1456 210 Η
1575 155 1633 210 Υ
1751 152 1791 210 s
1906 154 1940 210 1
2052 149 2112 207 c
2221 152 2278 210 A
2372 184 2382 193 ι
2612 188 2613 191 w

542 147 672 334 ἷξε
706 253 771 355 §.
789 241 1141 341 861.seqq.
1186 240 1494 339 (Nempe
1525 262 1598 312 ut
1621 237 1864 312 alicubi
1888 236 2389 340 palisinterratu
2402 232 2633 317 defixis
2645 236 2989 316 solumfit-

567 362 735 432 mius
754 347 1123 434 redditut);
3047 396 3051 401 .

670 483 699 529 ι
719 462 887 541 069.
937 444 1166 518 Dulcis
1182 465 1403 516 autem
1432 465 1601 539 aqua
1616 467 1724 513 eas
1740 437 2033 513 emolliat
2053 446 2125 513 δε
2142 464 2521 538 corrumpat
2546 442 2609 517 §.
2639 468 2728 536 27
2745 466 2811 538 5.
2894 468 2901 475 ·
2988 524 2993 531 ,

674 580 704 628 1
732 577 905 648 070.
953 548 1106 619 Cur
1142 568 1377 622 naves,
1415 567 1573 639 quas
1604 558 1782 615 mare
1816 537 2104 612 sustinuit
2132 585 2155 621 ‚
2202 541 2605 642 quandoque
2640 567 3017 645 mergantur

586 663 600 676 ’
663 655 959 727 flumine.

579 683 649 735 m
679 781 706 826 1
727 776 817 847 07
840 778 890 821 r.
940 748 1263 818 Cur-non
1286 763 1422 814 tam
1453 739 1584 832 alte
1615 746 2085 840 immergantur
2116 738 2210 811 ibi
2241 791 2264 826 ‚
2318 739 2517 839 quam
2551 740 2660 814 hic
2717 748 2743 835 (
2787 739 3019 814 confer

571 856 642 954 §.
665 855 878 941 969.)
925 849 1262 918 Nimirum
1298 865 1372 914 ut
1391 844 1520 942 pila
1537 839 1799 941 longius
1816 838 1854 908 ὲ
1876 863 2155 940 corpore
2179 839 2348 913 duro
2369 840 2563 914 refilit
2587 888 2610 924 ‚
2649 842 2689 914 d
2704 841 2892 915 molli
2907 867 3024 915 aut

585 977 725 1025 non
744 946 936 1020 resilit
954 969 1068 1017 aut
1089 950 1303 1015 minus
1326 941 1528 1044 louge
1539 942 1602 1052 ᾗ.
1633 965 1798 1039 205.
1816 937 1994 1037 seqq.

686 1076 806 1138 107
823 1076 885 1121 2.
938 1047 1080 1117 Cur
1100 1045 1306 1117 aestate
1330 1068 1504 1113 mare
1520 1039 1726 1112 lalfius
1743 1094 1764 1125 ,
1798 1047 1956 1112 item
1977 1036 2091 1111 sub
2107 1066 2277 1111 zona
2292 1039 2565 1112 torrida.

685 1175 893 1240 ¹073·
945 1151 1089 1219 Cur
1122 1147 1394 1245 AEgyptii
1429 1139 1512 1212 ad
1542 1165 1781 1241 potum
1809 1140 2110 1211 diurnum
2134 1146 2340 1212 ιιοᾶιι
2362 1140 2399 1212 ὲ
2428 1137 2592 1213 Nilo
2612 1134 3022 1243 potiffimum

595 1275 834 1349 aquam
872 1243 1197 1318 hauserint
1216 1289 1238 1325 ‚
1281 1266 1632 1341 antequam
1656 1238 1774 1313 Sol
1796 1236 2159 1313 subtiliores
2191 1264 2403 1340 partes
2430 1243 2500 1310 in
2530 1265 2803 1340 vapores
2832 1238 3029 1312 rede-

603 1346 802 1456 gisset.
1906 1386 1913 1391 -
2413 1433 2423 1442 .

701 1453 914 1537 107‘4.
975 1449 1118 1517 Cur
1145 1468 1314 1541 aqua
1336 1440 1532 1515 cruda
1555 1441 1800 1514 tardius
1827 1436 2208 1540 congeletur
2240 1436 2317 1510 ea
2333 1489 2352 1521 ,
2383 1464 2528 1537 quae
2544 1438 2661 1510 diu
2681 1437 2898 1510 bulliit
2914 1465 3036 1510 an-

605 1576 712 1624 tea
737 1594 759 1625 ‚
804 1568 977 1616 nunc
1015 1569 1233 1617 autem
1260 1538 1492 1642 frigida
1525 1544 1637 1613 est.
1710 1540 1982 1639 Nempe
2012 1543 2162 1635 quia
2199 1545 2525 1612 tenuiores
2549 1546 2621 1613 δε
2644 1537 3037 1614 mobiliores

602 1671 857 1751 partes,
912 1641 1931 1745 congelationemirnpedientes‚
1975 1635 2436 1738 evaporfirunt.

704 1765 907 1841 1075.
969 1744 1111 1814 Cur
1147 1747 1373 1815 vinum
1411 1748 1480 1811 δε
1504 1735 1804 1811 cerevisia
1822 1742 1890 1807 in
1911 1762 2188 1837 vappam
2210 1734 2517 1813 conversa
2535 1737 2824 1811 odorem
2847 1735 3041 1841 sapo-

605 1869 880 1943 remque
899 1848 1253 1944 genuinum
1272 1861 1531 1920 exuant,
1551 1837 1663 1910 nifi
1679 1834 1840 1910 vasis
1865 1835 2032 1911 bene
2056 1837 2379 1911 custodita
2395 1862 2508 1911 aut
2525 1838 2849 1940 operculis
2867 1845 3047 1914 testa

613 1946 881 2021 fuerint.
1423 2026 1426 2029 ¹
1590 1989 1594 1993 -
1841 1992 1869 1999 ··
2578 1947 2661 2021 -J-
2730 1990 2742 1999 ·

717 2054 927 2140 1076.
980 2043 1284 2135 Denique
1319 2061 1393 2109 ut
1426 2036 1644 2137 rigidae
1665 2034 1808 2108 salis
1834 2091 1851 2118 ‚
1886 2041 1974 2107 ita
1998 2036 2235 2111 flexiles
2249 2065 2430 2138 aquae
2450 2039 3046 2142 partictilaemagni.

617 2142 842 2221 tudine
867 2137 1234 2212 admodum
1251 2140 1526 2209 variant:
1574 2135 1753 2208 sicuti
1769 2134 1981 2208 baculi
1997 2136 2333 2240 longiores
2360 2138 2727 2227 ‚breviores
2746 2195 2770 2230 ,
2790 2142 3048 2216 craffio-

615 2271 716 2319 res
742 2268 818 2314 ac
843 2246 1170 2314 tenuiores
1195 2235 1317 2310 effe
1352 2237 1560 2310 solent
1580 2241 1643 2316 §.
1668 2243 1705 2308 8
1723 2265 1830 2336 39.
1868 2233 2049 2336 seqq.

718 2369 924 2440 1077.
991 2339 1234 2413 Obiter
1260 2343 1428 2410 exiis
1448 2393 1469 2426 ,
1503 2365 1646 2438 quae
1661 2336 1744 2408 de
1762 2335 1927 2410 ialfis
1947 2364 2023 2409 ac
2044 2336 2346 2412 dulcibus
2361 2337 2710 2413 habuimus
2733 2394 2754 2427 ,
2772 2340 3047 2445 colliges

624 2449 692 2516 in
730 2470 868 2542 quo
901 2437 1196 2514 consistat
1224 2462 1452 2511 natura
1469 2453 1748 2533 saporum
1769 2494 1791 2526 ,
1821 2463 2063 2538 nempe
2084 2445 2151 2510 in
2172 2467 2257 2512 eo
2276 2497 2295 2523 ‚
2333 2440 2521 2539 quod
2543 2466 2904 2541 corporum
2919 2467 3051 2516 ter-

625 2545 917 2618 restrium
938 2540 1268 2641 particulae
1293 2539 1671 2614 abinvicem
1698 2541 2030 2639 disjundlae
2047 2549 2115 2614 &
2133 2539 2318 2613 simul
2336 2568 2489 2613 cum
2507 2539 2696 2636 saliva
2710 2547 2777 2613 in
2798 2569 2913 2614 ore
2929 2569 3052 2614 na-

622 2668 832 2815 tanpes
857 2641 1152 2742 linguam
1175 2639 1609 2718 diversimode
1647 2665 1921 2716 movent
1951 2697 1972 2728 ,
2010 2669 2211 2743 prout
2239 2639 2766 2744 ipsarumfigurae
2783 2640 2923 2717 sunt
2941 2641 3044 2715 di-

621 2773 732 2822 ver
759 2772 811 2819 κ
872 2745 1079 2819 ζιῖό.
2670 2801 2677 2806 .
2742 2794 2754 2806 .

729 2744 867 2938 10⁵}
874 2849 938 2913 8.
990 2844 1181 2913 Adeo
1205 2859 1280 2910 ut
1317 2839 1644 2939 particule
1675 2840 1959 2916 humidae
1999 2842 2099 2916 vel
2122 2840 2510 2917 humeokatae
2526 2848 2593 2916 iu
2622 2868 2741 2915 ore
2761 2866 3056 2916 natantes

630 2943 884 3042 gustum
901 2984 923 3019 ,
959 2939 1255 3010 ficciores
1269 2961 1487 3008 autem
1507 2945 1573 3008 in
1594 2947 1739 3012 ae‘re
1753 2970 1828 3015 ac
1840 2941 2106 3015 naribus
2123 2941 2417 3018 volantes
2435 2942 2791 3018 odoratum
2803 2943 3055 3046 potiffi-

629 3035 1113 3116 mumafficiant
1128 3040 1189 3139 §.
1209 3061 1248 3124 9
1263 3060 1379 3129 54.
1403 3039 1498 3109 26
1507 3035 1763 3136 5.seqq.

1319 3240 1404 3325 X
1419 3226 1504 3325 X
1523 3241 1605 3330 V
1622 3237 1661 3320 I
1678 3240 1739 3324 I.
1801 3246 2087 3354 eAEstm
2122 3219 2367 3326 marie.

918 3440 1024 3601 s
1041 3431 2617 3644 ‘mmm
2645 3445 3068 3544 s

617 3636 959 3806 amital?
974 3636 1345 3805 §N9ir1nsi'mm
1363 3755 1436 3804 ur
1453 3729 1674 3844 liquor
1684 3735 1920 3837 aliquis
1935 3793 1957 3825 ‚
1977 3746 2040 3811 in
2057 3742 2375 3840 poculum
2389 3765 2505 3814 aut
2519 3768 2631 3816 vas
2650 3798 2672 3831 ,
2686 3751 2875 3843 cujus
2889 3745 3071 3820 labra

635 3829 803 3904 ficca
825 3883 845 3914 ,
881 3838 1133 3930 majore
1155 3837 1352 3948 copia
1373 3830 1607 3908 insuius
1627 3890 1648 3923 ,
1684 3862 1826 3911 non
1846 3836 2082 3937 preffits
2102 3845 2169 3911 in
2186 3840 2413 3914 medio
2429 3841 2859 3942 protuberat,
2891 3844 3070 3945 pres-

632 3928 735 4007 sus
757 3931 843 4006 ad
854 3930 1041 4006 labra
1061 3929 1396 4036 copiosius
1414 3934 1658 4010 affluitt
2776 3993 2781 4000 .
2950 3989 2959 4004 .

2718 4066 2745 4114 1
2759 4067 2802 4113 ο
2814 4047 2849 4114 8
2864 4066 2893 4116 1
2904 4095 2921 4115 .
2964 4048 3066 4119 Ita
