3391 4418
473 70 689 175 '¹5²2
1177 58 2143 160 DrsnuanJrJ
2205 84 2328 140 o.

532 180 770 283 quietis
792 228 814 261 ,
845 175 1260 246 continuatio
1278 197 1497 245 motus
1531 199 1684 245 cum
1726 177 2229 251 continuatione
2265 175 2503 269 quietis
2538 164 2966 243 conferenda.

646 306 755 374 ¹4·
803 276 954 371 Jam
987 270 1380 364 fi,lattentius
1414 276 1853 347 examinemus
1874 327 1896 359 ‚
1942 300 2083 372 quae
2099 269 2282 343 causa
2308 267 2421 358 fit,
2452 297 2566 342 cur
2590 269 2967 344 abineunte

540 402 729 457 aetate
767 372 963 445 nobis
999 368 1484 474 persuaserimus
1505 428 1526 459 ,
1552 374 1700 474 plus
1716 379 1995 455 actionis
2015 372 2099 443 ad
2123 396 2414 451 motum,
2448 373 2656 470 quam
2672 367 2756 441 ad
2777 376 2964 470 quie..

547 504 683 553 tem
724 479 995 573 requiri,
1053 499 1190 542 non
1223 471 1416 544 aliam
1452 479 1890 550 inveniemus,
1939 472 2135 571 quam
2156 497 2340 557 eam,
2377 467 2973 569 quaeaconfideta-

551 587 737 653 tione
772 569 1043 646 motus,
1074 578 1184 670 qui
1228 578 1293 644 in
1324 597 1604 673 corpote
1640 575 1866 645 nostro
1891 575 2015 659 est,
2048 570 2426 644 desumitur.
2466 567 2724 644 Confer
2742 569 2841 643 th.
2863 593 2976 669 35.

556 676 717 776 disp.
737 670 1192 773 ptaecedentis2
2984 690 2991 701 “

655 806 684 861 1⁴
701 800 769 868 5.
827 769 1525 859 Animadvertebamus
1592 780 1771 844 enim
1820 781 1953 870 jam
2002 771 2086 843 ab
2120 768 2389 844 infantia
2452 766 2746 844 sensuum
2799 794 2972 869 ope,

560 880 821 976 quoties
857 896 1099 971 corpus
1129 873 1418 944 nostrum
1456 898 1531 944 cx
1563 899 1700 944 uno
1718 873 1874 944 loco
1890 880 1956 944 in
1976 872 2175 944 alium
2201 871 2579 944 translatum
2621 867 2932 943 vellemus
2952 913 2999 948 ‚-

562 996 873 1077 oportere
894 970 965 1042 id
999 998 1123 1043 nos
1146 965 1411 1057 ‘efficere
1434 980 1555 1071 ‘per
1589 977 1923 1045 actionem
1957 971 2242 1071 aliquam
2272 972 2556 1044 nostram
2586 1018 2608 1054 ,
2657 972 2978 1093 Quoniam

557 1076 790 1179 sponte
815 1068 919 1142 sua
951 1096 1088 1142 non
1109 1071 1501 1143 movebatur
1533 1072 1669 1172 quo
1706 1072 2056 1149 vellemus:
2112 1072 2149 1144 ὲ
2189 1077 2521 1144 contrario
2548 1123 2571 1156 ‚
2632 1094 2783 1142 cum
2815 1066 3003 1143 illud.

563 1170 889 1276 quiescere
909 1196 1290 1268 cuperemus
1311 1226 1328 1253 ,
1365 1170 2041 1245 anim-advertebamus
2084 1169 2153 1242 id
2188 1169 2414 1271 sponte
2435 1170 2537 1245 sua
2553 1171 2821 1269 fieriper
2837 1193 2987 1270 gra-

564 1276 871 1355 vitatem,
910 1297 1110 1369 quam
1131 1268 1259 1345 fine
1283 1270 1411 1343 ulla
1432 1277 1691 1355 afflone
1709 1268 2272 1372 concipiebamus.

659 1386 775 1447 16.
819 1372 1094 1471 Nempe
1133 1370 1295 1443 dum
1352 1398 1589 1474 corpus
1624 1374 1913 1457 nostrum
1979 1395 2325 1457 movetur,
2373 1370 2724 1444 voluntatis
2761 1367 2993 1445 nostra

570 1478 854 1574 imperio
885 1479 1170 1571 regitur,
1216 1472 1397 1564 cujus
1437 1479 1711 1545 astionis
1744 1471 2094 1571 (intellige,
2134 1469 2325 1570 ipfius
2379 1470 2755 1562 voluntatis)
2791 1464 2992 1541 sensus

572 1578 642 1646 in
680 1577 893 1644 anima
921 1571 1134 1642 nostra
1167 1569 1704 1644 manifestissimus
1749 1572 1878 1646 est:
1927 1568 2033 1641 sed
2077 1571 2347 1668 quando
2411 1597 2650 1671 corpus
2697 1569 2991 1640 nostrum

518 1714 524 1721 ·
579 1669 887 1774 quiescit,
929 1697 1066 1743 non
1102 1677 1496 1769 percipimus
1532 1669 1803 1741 similem
1841 1673 1876 1741 a
1912 1669 2247 1743 voluntate
2279 1672 2526 1753 nostra,
2570 1694 2682 1744 aut
2719 1666 2804 1740 ab
2872 1666 2996 1743 alia

582 1771 763 1849 causa
779 1771 1215 1943 prodeuntem
1240 1767 1472 1870 agendi
1494 1767 1879 1857 efficaciam,
1899 1796 1971 1842 ac
1991 1771 2270 1871 proinde
2301 1777 2552 1844 minore
2568 1776 2633 1843 vi
2654 1795 2807 1843 tunc
2825 1793 2996 1870 opus

584 1871 706 1951 elle
721 1900 787 1944 ar
842 1879 1128 1959 itramuhr.
3007 1925 3013 1931 -

619 2056 624 2059 ,
687 2001 800 2068 ¹7·
857 1973 1105 2049 Vernm
1140 1969 1254 2039 ista
1284 1974 1529 2053 ratione
1555 1972 1786 2072 ,ptimo
1838 1971 2105 2070 quidem
2172 1994 2401 2045 contra
2469 1968 3000 2045 observationem

586 2076 864 2174 primam
886 2068 978 2141 th.
1015 2096 1037 2139 ι
1062 2096 1089 2161 3
1122 2067 1585 2143 confundimus
1620 2095 1933 2145 conatum
1962 2071 2311 2145 voluntatis
2331 2067 2435 2141 seu
2455 2077 2787 2150 astionem
2812 2091 3000 2139 men-

589 2174 708 2258 tis,
744 2195 886 2269 quae
917 2166 1047 2240 huc
1080 2165 1270 2268 plane
1301 2195 1438 2242 non
1477 2165 1764 2271 spectat,
1800 2198 1952 2245 cum
1989 2176 2250 2245 afflone
2289 2176 2628 2273 corporis,
2682 2196 2825 2272 quae
2866 2163 3002 2239 sola

586 2280 874 2373 pertinet
887 2269 968 2341 ad
989 2268 1166 2341 hunc
1185 2267 1460 2363 Phyficae
1482 2270 1703 2344 locum
1727 2325 1748 2358 ,
1781 2272 1892 2346 ubi
1917 2299 2014 2346 res
2037 2273 2210 2345 mere
2234 2297 2572 2373 corporeae
2589 2269 3002 2346 consideran-

591 2395 738 2460 tur,
774 2368 944 2441 adeo
975 2393 1047 2441 ut
1065 2370 1327 2468 qucestio
1364 2370 1469 2451 fit,
1510 2398 1590 2442 an
1656 2373 1750 2446 lus
1767 2377 2045 2446 aelionis
2067 2388 2340 2467 corporea
2359 2372 2719 2447 admotum
2743 2425 2764 2458 ‚
2801 2365 3004 2469 quarn

591 2471 677 2543 ad
691 2477 978 2570 quietem
1013 2467 1389 2569 requiratur.
1432 2401 1790 2571 ‚Nihiljam
1826 2474 2041 2547 dicam
2065 2472 2148 2546 de
2165 2472 2291 2546 alio
2314 2500 2532 2546 errore
2556 2527 2577 2561 ,
2612 2477 2729 2570 qui
2756 2477 2820 2542 in
2857 2473 3006 2569 opi-

593 2576 834 2657 nione,
877 2597 1075 2670 quam
1111 2575 1179 2641 in
1218 2570 1547 2671 praesentia
1579 2579 2017 2649 examinamus
2041 2628 2063 2659 ‚
2106 2575 2305 2659 inest,
2340 2572 2517 2672 quali
2538 2573 3005 2670 voluntaspto-

592 2673 731 2775 pri&
746 2669 987 2746 efficiat
1005 2696 1261 2745 motum
1280 2679 1348 2743 in
1374 2672 1689 2748 membris
1721 2677 1987 2756 nostris,
2031 2675 2183 2748 cum
2216 2677 2467 2749 tantum
2506 2672 2828 2777 gubernet
2856 2694 3008 2742 mo-

597 2797 787 2856 tum,
833 2777 947 2867 qui
962 2781 1095 2864 jam
1140 2775 1314 2842 estin
1351 2773 1717 2871 spiritibus,
1758 2769 2012 2849 eo'fere
2057 2775 2306 2863 mode,
2351 2803 2492 2875 quo
2515 2780 2646 2847 auri
2694 2769 3005 2846 acu‘trum

595 2874 778 2968 tegit.
829 2868 960 2941 Sed
993 2866 1129 2940 haec
1163 2874 1199 2942 ἑ
1242 2868 1502 2962 Phylica
1529 2870 1781 2972 speciali
1813 2873 2102 2974 petenda
2130 2874 2316 2964 sunt,
2373 2901 2545 2949 nunc
2576 2801 2724 2946 vide
2754 2872 3007 2948 tantum

604 2967 699 3043 th.
739 2965 1299 3066 15praeced.disp.
1686 3052 1692 3056 ι
1775 3050 1782 3055 .
2229 3048 2232 3051 ,
2973 3034 2989 3048 .

709 3092 731 3137 ι
753 3073 817 3156 ,⁸-
873 3065 1167 3145 Deinde,
1212 3063 1664 3143 observatione
1687 3070 1963 3144 secunda
1986 3071 2541 3149 nonconfideratzi
2568 3128 2590 3158 ,
2616 3072 3006 3175 negligimus

598 3163 1113 3238 animadvertere
1141 3163 1341 3336 ⁴ipsam
1377 3175 1727 3269 genuinam
1761 3171 2015 3258 causam
2055 3176 2292 3270 quietis
2314 3181 2382 3245 in
2418 3201 2701 3274 corpore
2734 3173 2958 3246 nostro
2985 3223 3011 3258 ‚

597 3266 759 3338 dum
794 3289 930 3334 non
959 3289 1136 3337 atten
1189 3273 1355 3338 imus
1387 3272 1502 3342 vim
1521 3275 1871 3362 gravitatis,
1909 3298 2050 3370 quae
2081 3269 2277 3354 facit,
2325 3296 2409 3345 ut
2445 3299 2682 3375 corpus
2717 3273 3009 3347 nostrum

599 3390 780 3440 tetrae
801 3363 1132 3459 adjaceat,
1158 3368 1457 3464 imoquae
1480 3392 1656 3442 tanta
1672 3371 1804 3455 est,
1847 3379 2407 3444 uttotam‘tetram
2432 3371 2749 3448 sustineat.
2791 3427 2794 3430 Δ

709 3491 818 3564 19.
873 3465 1020 3535 Nec
1045 3464 1296 3554 tantum
1315 3466 1490 3538 illam
1503 3476 1884 3571 gravitatem
1902 3474 1936 3542 ὲ
1958 3471 2179 3544 caelesti
2199 3466 2522 3569 preslione
2541 3494 2638 3573 (ut
2658 3480 2725 3547 in
2754 3468 3025 3575 speciali:

598 3564 861 3657 Phylica
883 3562 1383 3662 demonstratur)
1414 3572 1814 3668 pendentem
1849 3569 2103 3670 insuper
2136 3569 2491 3659 habemus,
2545 3576 2770 3648 verum
2811 3582 3012 3648 etiam

596 3664 811 3765 plures
826 3664 975 3739 alias
990 3662 1202 3740 causas
1224 3718 1244 3750 ,
1277 3668 1591 3750 motibus,
1622 3696 1793 3769 quos
1814 3677 1877 3745 in
1902 3672 2214 3748 membris
2234 3675 2466 3747 nostris
2486 3672 3011 3762 ciere-volumus,

596 3759 948 3837 refistentes
967 3808 992 3840 s
1027 3775 1093 3839 &
1108 3762 1565 3867 fatigationem
1587 3796 1662 3841 ac
1683 3768 2154 3872 consequenter
2171 3779 2462 3873 quietem
2481 3772 2866 3847 inducentes
2884 3801 3014 3877 pro

596 3858 780 3942 solita
800 3864 1017 3938 nostra
1036 3864 1370 3947 oscitantia
1381 3876 1780 3946 omittimus.

2723 4003 2842 4053 ιο.
2886 3975 3018 4056 Sed
