3391 4418
526 92 691 176 260
1176 78 2278 162 Brenno-arro
2475 172 2481 179 .
2957 180 2962 184 ‚

524 208 817 303 quietem
834 192 1231 296 rediguntur,
1241 187 1460 261 donec
1479 214 1554 260 ex
1573 194 1649 260 iis
1664 186 1900 289 glacies
1921 179 2287 259 concrescat
2307 207 2325 251 ε
2365 175 2454 255 ita
2470 176 2873 279 percipimus
2887 179 2964 253 in

525 298 843 376 membris
875 297 1105 386 nostris
1132 284 1612 392 frigescentibus
1648 341 1670 374 ,
1709 285 1896 387 quod
1932 289 2137 457 maxgis
2169 277 2498 381 magisque
2539 277 2909 378 torpescant
2928 329 2963 364 ,

530 401 720 475 obstu
773 399 969 470 efiaut
994 401 1063 466 &
1079 391 1464 491 soporentur
1481 434 1504 470 ‚
1520 411 1856 485 ‘motuque
1881 392 2008 456 ami
2059 410 2104 455 o
2121 381 2207 455 ad
2222 385 2512 480 quietem
2536 380 2912 479 redigantur
2946 405 2978 450 a

585 528 681 575 uae
728 527 749 570 1
773 504 986 590 major
1005 519 1079 562 ac
1096 491 1467 563 diuturnior
1486 484 1563 559 fit
1578 538 1599 566 ,
1637 486 1850 582 homo
1872 484 1976 560 vel
1993 509 2137 585 pars
2156 482 2264 553 illa
2288 476 2528 582 frigida
2543 505 2683 551 non
2704 479 2962 551 tantum

533 528 713 673 {usu
729 604 1041 699 privatur,
1058 592 1509 662 verumetiam
1532 592 1869 658 emoritur.
1920 584 2261 656 Postremo
2279 578 2470 678 quod
2490 577 2819 675 adjicitur,
2835 598 2967 682 noa·

540 701 640 774 bis
666 694 1050 770 consuetum
1071 688 1239 761 illud
1255 686 1377 760 effi:
1395 691 1654 759 axioma
1675 739 1697 772 ,
1741 683 1983 779 Senfibus
2000 708 2108 755 non
2120 684 2219 778 effe
2241 679 2556 752 habendam
2558 680 2740 773 fidem
2765 729 2789 762 ,
2823 685 2960 750 &m

538 800 611 873 id
646 798 692 869 fi
731 796 891 867 alius
926 787 1204 875 dixisset,
1240 811 1536 887 putarem
1551 780 1675 858 effe
1698 789 1928 858 vitium
1949 786 2137 853 κᾶε
2151 781 2669 950 inteffiretationi
2688 802 2777 876 op
2830 773 2966 848 ofi-

538 920 708 972 tum.
758 897 940 966 Nam
977 886 1257 960 sensibus
1296 893 1362 957 in
1397 884 1589 957 rebus
1617 880 1895 976 Phyficis
1912 878 2281 982 cognoscen
2333 885 2384 952 is
2405 876 2681 949 non-elli:
2702 872 2787 946 ha
2839 900 2970 945 en-

541 999 699 1073 dam
719 994 949 1077 fidem,
967 1015 1164 1062 nemo
1183 987 1476 1059 nostn‘im
1492 981 1725 1056 statuit.
1750 981 1954 1079 Qid
1974 999 1994 1052 Ξ
2013 980 2196 1079 quod
2215 978 2655 1051 humanorum
2668 971 2970 1051 sensuum

538 1099 746 1172 fidem
767 1149 790 1182 ‚
821 1091 1114 1165 valorem
1133 1143 1154 1174 ‚
1181 1086 1647 1187 praestantiam„
1687 1081 1903 1154 multo
1924 1078 2181 1152 uberius
2203 1104 2399 1177 quam
2423 1103 2682 1162 eorum,
2705 1082 2818 1176 qui
2836 1101 2966 1147 nos

540 1205 630 1274 ita
651 1195 918 1279 rodunt,
934 1185 1268 1290 quisquam
1294 1193 1361 1258 iu
1377 1187 1505 1257 fine
1525 1180 1792 1284 paraph.
1809 1179 2005 1253 Med.
2023 1186 2138 1254 VI.
2159 1177 2758 1254 demonstravimus,
2792 1174 2964 1252 Illud

546 1300 1084 1397 solumnegamus
1107 1343 1128 1376 ,
1158 1287 1346 1387 quod
1365 1281 1657 1356 sensuum
1675 1307 1868 1383 perce
1921 1286 2131 1354 tiones
2151 1305 2364 1351 rerum
2384 1303 2556 1353 extra
2579 1304 2704 1353 nos
2719 1282 2966 1382 Pofira-

539 1426 686 1476 rum
703 1419 998 1470 naturam
1023 1395 1393 1464 &internas
1411 1384 1850 1490 proprietates,
1884 1380 2234 1482 impliciter
2247 1378 2446 1453 nobis
2464 1379 2791 1487 detegant.

1358 1547 1556 1632 Drs
1587 1578 1651 1630 Ρ.
1712 1544 2192 1634 XXXIII.

953 1694 1060 1762 De
1081 1678 1329 1761 Calore
1352 1672 1440 1769 ἀ
1460 1683 1754 1789 Frigore
1773 1678 2091 1786 quadam
2113 1674 2567 1766 Problemata.

543 1830 663 1929 4¹·
698 1835 823 1993 P
844 1828 1161 1925 Raecipua
1180 1829 1347 1896 inter
1366 1846 1489 1892 nos
1509 1830 1577 1894 δε
1598 1820 1710 1893 Cl.
1731 1825 2135 1896 Comenium
2156 1825 2596 1903 controverfia
2609 1829 2725 1908 est,
2747 1833 2968 1906 utrum

584 1985 587 1988 .
845 1922 1102 2035 frigoris
1120 1946 1348 1993 natura
1375 1925 1441 1990 in
1471 1945 1695 2007 motu3
1737 1947 1820 1994 an
1837 1929 2060 2022 potius
2087 1931 2152 1996 iu
2171 1951 2393 2000 motus
2410 1933 2871 2004 imminutione
2891 1944 2971 2007 δε

548 2032 768 2126 quiete
799 2024 1118 2094 conlistat.
1166 2019 1293 2091 Ille
1312 2022 1520 2117 prius,
1550 2047 1673 2093 nos
1691 2019 2012 2123 posterius
2028 2023 2449 2102 affirmamus.
2498 2034 2694 2131 Igitur
2707 2056 2790 2101 ne
2810 2031 2973 2104 diu-

550 2129 678 2200 tius
713 2126 781 2191 in
809 2119 1221 2222 generalibus
1253 2115 1573 2191 versemur
1589 2175 1607 2202 ‚
1644 2118 2008 2222 speciminis
2038 2131 2241 2227 gratia
2256 2153 2435 2206 nune
2454 2155 2529 2206 ex
2543 2126 2679 2233 ipso
2693 2129 2973 2232 proble-

548 2247 723 2298 mata
740 2219 1052 2292 nonuulla
1069 2217 1323 2320 physica
1336 2218 1812 2321 producemus,
1835 2220 2044 2311 visuri,
2060 2224 2315 2305 :in-non
2331 2230 2367 2300 ἐ
2387 2231 2615 2305 nostris
2634 2236 2968 2335 principiis

551 2347 691 2403 tam
708 2321 1071 2400 commode
1089 2316 1190 2392 vel
1208 2324 1404 2392 etiam
1420 2322 1874 2406 commodius,
1912 2324 2111 2425 quim
2131 2325 2260 2427 ipse
2276 2329 2311 2401 ὲ
2328 2326 2448 2402 suis
2465 2384 2487 2417 ,
2509 2331 2595 2402 ad
2611 2358 2688 2403 ea
2701 2331 2967 2433 respon-

548 2428 702 2500 dere
736 2420 1067 2525 poffimus.
1115 2425 1483 2501 Comenius
1496 2426 1719 2521 itaque
1738 2450 1803 2523 p.
1823 2430 1941 2520 48.
1991 2438 2111 2498 Cur
2123 2433 2387 2501 animata
2403 2452 2627 2526 corpora
2639 2438 2821 2506 calore
2834 2439 2968 2505 lan-

534 2545 781 2624 gueant,
786 2521 1008 2622 frigore
1021 2542 1343 2599 recreemur
1360 2530 1397 2595 ἔ
1411 2525 1568 2621 Resp.
1587 2527 1724 2615 quia
1736 2527 1887 2595 calor
1904 2546 2130 2620 corpora
2147 2531 2533 2623 depopulatur,
2552 2553 2845 2621 attenuat,
2856 2558 2971 2604 ex-

406 2682 442 2712 t&
545 2628 763 2707 haurit,
786 2627 863 2696 ad
876 2627 1174 2698 minimum
1192 2619 1586 2698 vires,aeicentro
1600 2643 1796 2696 evocat
1810 2621 2022 2718 :frigus
2033 2651 2162 2699 vero
2181 2638 2256 2700 eie
2266 2632 2410 2701 nihil
2425 2631 2614 2729 aufert
2630 2632 2972 2729 ‚Tcondenfht

544 2729 722 2820 potius
743 2728 816 2805 dy
828 2744 1179 2801 concentran
1192 2725 1376 2801 Idem
1388 2745 1447 2817 p.
1460 2749 1492 2816 5
1512 2748 1575 2815 5.
1598 2747 1695 2792 cur
1706 2728 1863 2794 calor
1878 2746 2082 2797 nature
2097 2728 2514 2825 amicusJrigns
2531 2740 2655 2806 vite
2667 2737 2967 2805 inimicum

546 2827 793 2894 dicatur.
842 2828 995 2919 Resp.
1026 2830 1162 2914 quia
1198 2829 1321 2895 vita
1334 2826 1472 2915 ignis
1484 2821 1559 2917 est
1576 2875 1597 2909 ,
1624 2842 1780 2893 motu
1800 2823 2639 2924 diffufivosejpfiemfitstentans,
2666 2857 2832 2926 quem
2849 2837 2967 2929 cim

533 2919 754 3020 flatum
765 2924 915 2989 calor
922 2921 988 3011 fo
996 2941 1107 2992 vet:
1114 2919 1296 3013 frigus
1310 2941 1501 2990 autem
1516 2923 1864 2993 obturatione
1874 2942 2136 3015 pororum
2151 2929 2275 3004 &a
2294 2933 2507 3002 circum
2527 2933 2768 3030 obfistens
2784 2935 2970 3024 impu-
3009 3008 3018 3015 ,

533 3039 685 3114 gnat
705 3073 728 3105 ‚
770 3017 898 3114 &fi
906 3022 1209 3112 prevalere
1220 3018 1386 3111 potes}
1397 3039 1461 3088 ut
1471 3038 1628 3111 poros
1641 3024 1882 3113 undique
1892 3025 2145 3097 occludat
2162 3024 2506 3123 „exstinguit
2524 3061 2542 3104 ι
2573 3052 2636 3105 ut
2649 3035 2709 3103 in
2727 3030 2914 3127 mustis
2941 3083 2965 3117 ,

545 3122 777 3191 avicula
791 3169 814 3205 ,
837 3120 1079 3207 adeoque
1095 3118 1398 3189 hominibus
1403 3114 1619 3210 frigore
1625 3128 1884 3211 peremtio
1891 3141 2076 3215 patet.
2939 3152 2948 3159 ·

638 3235 767 3309 42.
802 3219 865 3290 C
882 3242 922 3288 E
943 3240 990 3286 u
1007 3239 1034 3287 s
1051 3241 1090 3286 u
1110 3239 1163 3287 R
1187 3240 1237 3288 A
1276 3242 1301 3289 1
1317 3271 1334 3290 .
1355 3220 1545 3290 Prior
1562 3220 1831 3316 quaestio
1850 3224 2048 3295 nimis
2063 3227 2450 3323 generaliter
2467 3228 2772 3322 affirmat,
2824 3229 2964 3306 uod

542 3315 729 3385 calore
748 3308 1068 3407 'langueant
1100 3320 1378 3389 animata
1410 3342 1692 3418 corpora
1727 3364 1751 3397 ,
1797 3326 2113 3419 quoniam
2146 3327 2470 3425 posterior
2501 3336 2678 3409 recte
2712 3262 2965 3419 alpem,

546 3412 731 3512 quod
759 3418 913 3484 calor
942 3434 1153 3486 natura
1168 3420 1398 3488 amicus.
1447 3418 1830 3492 Dicendum
1848 3416 2012 3506 suit,
2048 3426 2235 3520 quod
2259 3428 2477 3500 calore
2496 3436 2686 3507 nimis
2707 3428 2964 3509 intenso

543 3539 827 3614 corpora
842 3514 1207 3615 langueant.
1238 3543 1270 3587 2
1285 3571 1301 3588 .
1329 3520 1481 3589 Nec
1499 3514 1730 3592 sufficit
1739 3519 2144 3620 generalibus
2157 3529 2519 3623 depopulandi
2539 3556 2736 3632 atque
2748 3539 2971 3607 exhau-

504 3638 507 3639 *
537 3614 719 3682 riendi
760 3613 971 3686 verbis
997 3616 1326 3716 languoris
1356 3615 1528 3689 illius
1547 3616 1798 3691 caulam
1833 3619 2202 3715 denotasse,
2236 3626 2344 3700 sed
2367 3626 2697 3730 speciatim
2718 3690 2740 3721 ‚
2820 3630 2969 3705 uid-

541 3735 695 3780 nam
729 3738 804 3783 ex
837 3718 1130 3788 animato
1169 3739 1447 3817 corpore
1489 3718 1935 3798 exhauriatur,
1968 3720 2006 3793 εἰ
2044 3725 2448 3834 Philosopho
2484 3733 2776 3834 explicari
2830 3759 2972 3808 um.

539 3808 1016 3885 Exhauriuntur
1053 3838 1273 3887 autem
1319 3819 1537 3890 calore
1559 3864 1582 3900 ,
1635 3826 1747 3918 qui
1785 3825 2154 3923 exiguarum
2185 3837 2469 3929 partium
2504 3840 2715 3907 varius
2741 3857 2972 3911 motus

494 3984 502 3990 ,
535 3909 628 3993 est
648 3962 683 4009 ,¹
709 3907 962 4020 spiritus
992 3924 1063 4025 ξς
1100 3912 1413 4031 humore}
1424 3971 1458 4016 ,-
1480 3919 1810 4022 inquibus
1827 3946 2049 4002 motus
2076 3933 2148 4000 δε
2169 3936 2357 4031 vigor
2367 3935 2670 4033 corporis
2693 3933 2967 4011 animati

2801 4049 2972 4107 Gonu
