<?xml version="1.0" encoding="UTF-8"?>
<!DOCTYPE html PUBLIC "-//W3C//DTD XHTML 1.0 Transitional//EN"
    "http://www.w3.org/TR/xhtml1/DTD/xhtml1-transitional.dtd">
<html xmlns="http://www.w3.org/1999/xhtml" xml:lang="en" lang="en">
 <head>
  <title>
</title>
<meta http-equiv="Content-Type" content="text/html;charset=utf-8" />
  <meta name='ocr-system' content='tesseract 3.04.00' />
  <meta name='ocr-capabilities' content='ocr_page ocr_carea ocr_par ocr_line ocrx_word'/>
</head>
<body>
  <div class='ocr_page' id='page_1' title='image "./johannisclauber00claugoog_0316.png"; bbox 0 0 3391 4418; ppageno 0'>
   <div class='ocr_carea' id='block_1_1' title="bbox 551 93 2214 263">
    <p class='ocr_par' dir='ltr' id='par_1_1' title="bbox 551 93 2214 263">
     <span class='ocr_line' id='line_1_1' title="bbox 551 93 2214 263; baseline -0.023 -27"><span class='ocrx_word' id='word_1_1' title='bbox 551 161 781 263; x_wconf 14' lang='lat'>⁴298·</span> <span class='ocrx_word' id='word_1_2' title='bbox 1341 93 2214 225; x_wconf 60' lang='lat' dir='ltr'>Tutor-xa</span> 
     </span>
    </p>
   </div>
   <div class='ocr_carea' id='block_1_2' title="bbox 876 280 2671 498">
    <p class='ocr_par' dir='ltr' id='par_1_2' title="bbox 876 280 2671 498">
     <span class='ocr_line' id='line_1_2' title="bbox 876 280 2671 402; baseline -0.021 0"><span class='ocrx_word' id='word_1_3' title='bbox 876 315 967 402; x_wconf 88' lang='lat' dir='ltr'>X</span> <span class='ocrx_word' id='word_1_4' title='bbox 991 312 1057 397; x_wconf 90' lang='grc' dir='ltr'>Ι.</span> <span class='ocrx_word' id='word_1_5' title='bbox 1117 308 1550 393; x_wconf 70' lang='lat' dir='ltr'>Plantas-um</span> <span class='ocrx_word' id='word_1_6' title='bbox 1565 302 1775 383; x_wconf 81' lang='lat' dir='ltr'>calor.</span> <span class='ocrx_word' id='word_1_7' title='bbox 1835 282 2208 377; x_wconf 69' lang='lat' dir='ltr'>certoru&#39;m</span> <span class='ocrx_word' id='word_1_8' title='bbox 2223 280 2671 399; x_wconf 75' lang='lat' dir='ltr'>quorundam</span> 
     </span>
     <span class='ocr_line' id='line_1_3' title="bbox 1457 407 2086 498; baseline -0.025 0"><span class='ocrx_word' id='word_1_9' title='bbox 1457 411 1853 498; x_wconf 81' lang='lat' dir='ltr'><em>morborum</em></span> <span class='ocrx_word' id='word_1_10' title='bbox 1875 407 2086 488; x_wconf 81' lang='lat' dir='ltr'>ratio.</span> 
     </span>
    </p>
   </div>
   <div class='ocr_carea' id='block_1_3' title="bbox 574 548 2998 982">
    <p class='ocr_par' dir='ltr' id='par_1_3' title="bbox 574 548 2985 773">
     <span class='ocr_line' id='line_1_4' title="bbox 674 548 2985 684; baseline -0.01 -38"><span class='ocrx_word' id='word_1_11' title='bbox 674 612 698 656; x_wconf 80' lang='lat'>1</span> <span class='ocrx_word' id='word_1_12' title='bbox 715 605 833 684; x_wconf 83' lang='lat'>97.</span> <span class='ocrx_word' id='word_1_13' title='bbox 889 573 1230 644; x_wconf 69' lang='lat' dir='ltr'>Hastenus</span> <span class='ocrx_word' id='word_1_14' title='bbox 1257 561 1538 634; x_wconf 85' lang='lat' dir='ltr'>vidimus</span> <span class='ocrx_word' id='word_1_15' title='bbox 1558 586 1702 657; x_wconf 82' lang='lat' dir='ltr'>quae</span> <span class='ocrx_word' id='word_1_16' title='bbox 1715 562 1905 630; x_wconf 81' lang='lat' dir='ltr'>‘omni</span> <span class='ocrx_word' id='word_1_17' title='bbox 1925 553 2308 628; x_wconf 79' lang='lat' dir='ltr'>viventium</span> <span class='ocrx_word' id='word_1_18' title='bbox 2331 548 2554 648; x_wconf 84' lang='lat' dir='ltr'>generi</span> <span class='ocrx_word' id='word_1_19' title='bbox 2576 555 2985 623; x_wconf 85' lang='lat' dir='ltr'>communia:</span> 
     </span>
     <span class='ocr_line' id='line_1_5' title="bbox 574 661 2084 773; baseline -0.026 -12"><span class='ocrx_word' id='word_1_20' title='bbox 574 710 749 760; x_wconf 90' lang='lat' dir='ltr'>nunc</span> <span class='ocrx_word' id='word_1_21' title='bbox 766 672 1097 773; x_wconf 76' lang='lat' dir='ltr'>aliquanto</span> <span class='ocrx_word' id='word_1_22' title='bbox 1122 661 1449 766; x_wconf 72' lang='lat' dir='ltr'>specialius</span> <span class='ocrx_word' id='word_1_23' title='bbox 1466 661 1551 739; x_wconf 81' lang='lat' dir='ltr'>de</span> <span class='ocrx_word' id='word_1_24' title='bbox 1570 663 1782 731; x_wconf 71' lang='lat' dir='ltr'>Plautia</span> <span class='ocrx_word' id='word_1_25' title='bbox 1797 676 2084 756; x_wconf 69' lang='lat' dir='ltr'>agemuS,</span> 
     </span>
    </p>

    <p class='ocr_par' dir='ltr' id='par_1_4' title="bbox 578 742 2998 982">
     <span class='ocr_line' id='line_1_6' title="bbox 681 742 2991 870; baseline -0.013 -21"><span class='ocrx_word' id='word_1_26' title='bbox 681 781 835 870; x_wconf 86' lang='lat'>198.</span> <span class='ocrx_word' id='word_1_27' title='bbox 894 769 1030 844; x_wconf 85' lang='lat' dir='ltr'>Ubi</span> <span class='ocrx_word' id='word_1_28' title='bbox 1049 766 1265 863; x_wconf 75' lang='lat' dir='ltr'>primo</span> <span class='ocrx_word' id='word_1_29' title='bbox 1291 760 1559 860; x_wconf 88' lang='lat' dir='ltr'>quidem</span> <span class='ocrx_word' id='word_1_30' title='bbox 1583 752 2140 829; x_wconf 84' lang='lat' dir='ltr'>confiderabimus</span> <span class='ocrx_word' id='word_1_31' title='bbox 2168 800 2189 833; x_wconf 91' lang='lat'>‚</span> <span class='ocrx_word' id='word_1_32' title='bbox 2208 750 2355 842; x_wconf 85' lang='lat' dir='ltr'>quis</span> <span class='ocrx_word' id='word_1_33' title='bbox 2378 751 2450 816; x_wconf 89' lang='lat'>&amp;</span> <span class='ocrx_word' id='word_1_34' title='bbox 2469 742 2646 816; x_wconf 89' lang='lat' dir='ltr'>unde</span> <span class='ocrx_word' id='word_1_35' title='bbox 2669 742 2745 818; x_wconf 82' lang='lat' dir='ltr'>fit</span> <span class='ocrx_word' id='word_1_36' title='bbox 2765 745 2991 827; x_wconf 83' lang='lat' dir='ltr'>calor,</span> 
     </span>
     <span class='ocr_line' id='line_1_7' title="bbox 578 843 2998 982; baseline -0.014 -29"><span class='ocrx_word' id='word_1_37' title='bbox 578 885 693 982; x_wconf 89' lang='lat' dir='ltr'>qui</span> <span class='ocrx_word' id='word_1_38' title='bbox 727 884 795 948; x_wconf 91' lang='lat' dir='ltr'>in</span> <span class='ocrx_word' id='word_1_39' title='bbox 830 872 1087 945; x_wconf 84' lang='lat' dir='ltr'>Plantas</span> <span class='ocrx_word' id='word_1_40' title='bbox 1105 869 1265 959; x_wconf 79' lang='lat' dir='ltr'>agit,</span> <span class='ocrx_word' id='word_1_41' title='bbox 1305 860 1539 932; x_wconf 90' lang='lat' dir='ltr'>deinde</span> <span class='ocrx_word' id='word_1_42' title='bbox 1563 852 2157 954; x_wconf 74' lang='lat' dir='ltr'>contemplabimur</span> <span class='ocrx_word' id='word_1_43' title='bbox 2173 843 2540 944; x_wconf 22' lang='lat' dir='ltr'>subjectum!</span> <span class='ocrx_word' id='word_1_44' title='bbox 2561 845 2744 943; x_wconf 91' lang='lat' dir='ltr'>quod</span> <span class='ocrx_word' id='word_1_45' title='bbox 2763 851 2998 941; x_wconf 75' lang='lat' dir='ltr'>patitur</span> 
     </span>
    </p>
   </div>
   <div class='ocr_carea' id='block_1_4' title="bbox 576 991 2998 1170">
    <p class='ocr_par' dir='ltr' id='par_1_5' title="bbox 576 991 2998 1170">
     <span class='ocr_line' id='line_1_8' title="bbox 671 994 2978 1051; baseline -0.018 0"><span class='ocrx_word' id='word_1_46' title='bbox 671 994 996 1051; x_wconf 87' lang='lat' dir='ltr'>movetur.</span> <span class='ocrx_word' id='word_1_47' title='bbox 1509 1000 1521 1012; x_wconf 90' lang='lat'><strong>·</strong></span> <span class='ocrx_word' id='word_1_48' title='bbox 2975 1021 2978 1024; x_wconf 33' lang='grc'>,</span> 
     </span>
     <span class='ocr_line' id='line_1_9' title="bbox 576 991 2998 1170; baseline -0.013 -23"><span class='ocrx_word' id='word_1_49' title='bbox 576 991 643 1057; x_wconf 56' lang='grc' dir='ltr'>ἃ</span> <span class='ocrx_word' id='word_1_50' title='bbox 692 1107 718 1151; x_wconf 90' lang='lat'>1</span> <span class='ocrx_word' id='word_1_51' title='bbox 734 1100 852 1170; x_wconf 83' lang='lat'>99.</span> <span class='ocrx_word' id='word_1_52' title='bbox 904 1069 1171 1164; x_wconf 86' lang='lat' dir='ltr'>Nempe</span> <span class='ocrx_word' id='word_1_53' title='bbox 1210 1056 1390 1134; x_wconf 68' lang='lat' dir='ltr'>caula</span> <span class='ocrx_word' id='word_1_54' title='bbox 1418 1056 1704 1130; x_wconf 84' lang='lat' dir='ltr'>efficiens</span> <span class='ocrx_word' id='word_1_55' title='bbox 1728 1110 1751 1143; x_wconf 84' lang='lat'><strong>,</strong></span> <span class='ocrx_word' id='word_1_56' title='bbox 1783 1077 1900 1123; x_wconf 90' lang='lat' dir='ltr'>cur</span> <span class='ocrx_word' id='word_1_57' title='bbox 1920 1069 2300 1146; x_wconf 84' lang='lat' dir='ltr'>vegetentur</span> <span class='ocrx_word' id='word_1_58' title='bbox 2324 1052 2393 1118; x_wconf 84' lang='lat'>&amp;</span> <span class='ocrx_word' id='word_1_59' title='bbox 2413 1040 2700 1117; x_wconf 82' lang='lat' dir='ltr'>crescant</span> <span class='ocrx_word' id='word_1_60' title='bbox 2716 1042 2998 1132; x_wconf 71' lang='lat' dir='ltr'>Plantae,</span> 
     </span>
    </p>
   </div>
   <div class='ocr_carea' id='block_1_5' title="bbox 546 1144 3192 4135">
    <p class='ocr_par' dir='ltr' id='par_1_6' title="bbox 546 1144 3192 4135">
     <span class='ocr_line' id='line_1_10' title="bbox 585 1144 3003 1277; baseline -0.015 -25"><span class='ocrx_word' id='word_1_61' title='bbox 585 1178 676 1252; x_wconf 88' lang='lat' dir='ltr'>est</span> <span class='ocrx_word' id='word_1_62' title='bbox 706 1170 923 1277; x_wconf 77' lang='lat' dir='ltr'>primo</span> <span class='ocrx_word' id='word_1_63' title='bbox 958 1164 1137 1239; x_wconf 89' lang='lat' dir='ltr'>calor</span> <span class='ocrx_word' id='word_1_64' title='bbox 1163 1164 1335 1236; x_wconf 87' lang='lat' dir='ltr'>Solis</span> <span class='ocrx_word' id='word_1_65' title='bbox 1354 1213 1377 1246; x_wconf 84' lang='lat'><strong>,</strong></span> <span class='ocrx_word' id='word_1_66' title='bbox 1410 1181 1731 1259; x_wconf 84' lang='lat' dir='ltr'>quatenus</span> <span class='ocrx_word' id='word_1_67' title='bbox 1755 1152 1863 1223; x_wconf 88' lang='lat' dir='ltr'>hic</span> <span class='ocrx_word' id='word_1_68' title='bbox 1896 1148 2134 1221; x_wconf 91' lang='lat' dir='ltr'>diurno</span> <span class='ocrx_word' id='word_1_69' title='bbox 2158 1154 2228 1218; x_wconf 74' lang='grc' dir='ltr'>δε</span> <span class='ocrx_word' id='word_1_70' title='bbox 2249 1146 2467 1218; x_wconf 80' lang='lat' dir='ltr'>aestivo</span> <span class='ocrx_word' id='word_1_71' title='bbox 2483 1169 2793 1247; x_wconf 84' lang='lat' dir='ltr'>tempore</span> <span class='ocrx_word' id='word_1_72' title='bbox 2814 1144 3003 1219; x_wconf 83' lang='lat' dir='ltr'>tellu-</span> 
     </span>
     <span class='ocr_line' id='line_1_11' title="bbox 588 1242 2826 1372; baseline -0.02 -20"><span class='ocrx_word' id='word_1_73' title='bbox 588 1303 729 1353; x_wconf 84' lang='lat' dir='ltr'>rem</span> <span class='ocrx_word' id='word_1_74' title='bbox 754 1281 825 1346; x_wconf 86' lang='lat'>&amp;</span> <span class='ocrx_word' id='word_1_75' title='bbox 846 1270 1302 1372; x_wconf 87' lang='lat' dir='ltr'>provenientes</span> <span class='ocrx_word' id='word_1_76' title='bbox 1318 1285 1393 1332; x_wconf 86' lang='lat' dir='ltr'>ex</span> <span class='ocrx_word' id='word_1_77' title='bbox 1407 1285 1485 1330; x_wconf 81' lang='lat' dir='ltr'>ea</span> <span class='ocrx_word' id='word_1_78' title='bbox 1503 1260 1724 1357; x_wconf 86' lang='lat' dir='ltr'>stirpes</span> <span class='ocrx_word' id='word_1_79' title='bbox 1741 1250 1930 1325; x_wconf 85' lang='lat' dir='ltr'>radiis</span> <span class='ocrx_word' id='word_1_80' title='bbox 1948 1246 2072 1324; x_wconf 72' lang='lat' dir='ltr'>suis.</span> <span class='ocrx_word' id='word_1_81' title='bbox 2090 1242 2407 1322; x_wconf 84' lang='lat' dir='ltr'>verberat.</span> <span class='ocrx_word' id='word_1_82' title='bbox 2513 1255 2518 1260; x_wconf 86' lang='grc'><strong><em>’</em></strong></span> <span class='ocrx_word' id='word_1_83' title='bbox 2823 1277 2826 1278; x_wconf 31' lang='lat' dir='ltr'><em>f</em></span> 
     </span>
     <span class='ocr_line' id='line_1_12' title="bbox 691 1343 2998 1463; baseline -0.013 -18"><span class='ocrx_word' id='word_1_84' title='bbox 691 1398 854 1448; x_wconf 88' lang='lat'>200.</span> <span class='ocrx_word' id='word_1_85' title='bbox 912 1363 1186 1441; x_wconf 80' lang='lat' dir='ltr'>Accedit</span> <span class='ocrx_word' id='word_1_86' title='bbox 1223 1361 1425 1463; x_wconf 76' lang='lat' dir='ltr'>porro</span> <span class='ocrx_word' id='word_1_87' title='bbox 1469 1357 1648 1430; x_wconf 89' lang='lat' dir='ltr'>calor</span> <span class='ocrx_word' id='word_1_88' title='bbox 1685 1354 1792 1426; x_wconf 89' lang='lat' dir='ltr'>ille</span> <span class='ocrx_word' id='word_1_89' title='bbox 1813 1400 1833 1433; x_wconf 88' lang='lat'>,</span> <span class='ocrx_word' id='word_1_90' title='bbox 1879 1346 1987 1422; x_wconf 89' lang='lat' dir='ltr'>seu</span> <span class='ocrx_word' id='word_1_91' title='bbox 2006 1350 2174 1420; x_wconf 81' lang='lat' dir='ltr'>vatia</span> <span class='ocrx_word' id='word_1_92' title='bbox 2191 1343 2658 1444; x_wconf 90' lang='lat' dir='ltr'>particularum</span> <span class='ocrx_word' id='word_1_93' title='bbox 2678 1347 2998 1447; x_wconf 45' lang='lat' dir='ltr'>agitatioj</span> 
     </span>
     <span class='ocr_line' id='line_1_13' title="bbox 592 1442 2765 1576; baseline -0.017 -27"><span class='ocrx_word' id='word_1_94' title='bbox 592 1500 736 1576; x_wconf 81' lang='lat' dir='ltr'>quae</span> <span class='ocrx_word' id='word_1_95' title='bbox 756 1472 793 1542; x_wconf 66' lang='lat' dir='ltr'>a</span> <span class='ocrx_word' id='word_1_96' title='bbox 809 1467 965 1544; x_wconf 85' lang='lat' dir='ltr'>Sole</span> <span class='ocrx_word' id='word_1_97' title='bbox 983 1473 1051 1537; x_wconf 89' lang='lat' dir='ltr'>in</span> <span class='ocrx_word' id='word_1_98' title='bbox 1066 1466 1247 1536; x_wconf 85' lang='lat' dir='ltr'>tertis</span> <span class='ocrx_word' id='word_1_99' title='bbox 1265 1486 1341 1532; x_wconf 88' lang='lat' dir='ltr'>ac</span> <span class='ocrx_word' id='word_1_100' title='bbox 1361 1452 1761 1531; x_wconf 85' lang='lat' dir='ltr'>terrestribus</span> <span class='ocrx_word' id='word_1_101' title='bbox 1784 1452 1982 1520; x_wconf 68' lang='lat' dir='ltr'>noete</span> <span class='ocrx_word' id='word_1_102' title='bbox 2005 1447 2110 1517; x_wconf 85' lang='lat' dir='ltr'>vel</span> <span class='ocrx_word' id='word_1_103' title='bbox 2125 1444 2341 1515; x_wconf 87' lang='lat' dir='ltr'>hieme</span> <span class='ocrx_word' id='word_1_104' title='bbox 2362 1442 2765 1544; x_wconf 81' lang='lat' dir='ltr'>relinquitur.</span> 
     </span>
     <span class='ocr_line' id='line_1_14' title="bbox 699 1541 3013 1661; baseline -0.013 -17"><span class='ocrx_word' id='word_1_105' title='bbox 699 1597 789 1648; x_wconf 89' lang='lat'>20</span> <span class='ocrx_word' id='word_1_106' title='bbox 800 1595 828 1642; x_wconf 91' lang='lat'>1</span> <span class='ocrx_word' id='word_1_107' title='bbox 843 1623 861 1643; x_wconf 93' lang='lat'>.</span> <span class='ocrx_word' id='word_1_108' title='bbox 912 1569 1220 1661; x_wconf 90' lang='lat' dir='ltr'>Denique</span> <span class='ocrx_word' id='word_1_109' title='bbox 1255 1559 1435 1633; x_wconf 89' lang='lat' dir='ltr'>calor</span> <span class='ocrx_word' id='word_1_110' title='bbox 1449 1566 1517 1629; x_wconf 89' lang='lat' dir='ltr'>in</span> <span class='ocrx_word' id='word_1_111' title='bbox 1533 1555 1791 1628; x_wconf 78' lang='lat' dir='ltr'>Plantas</span> <span class='ocrx_word' id='word_1_112' title='bbox 1806 1573 2001 1649; x_wconf 85' lang='lat' dir='ltr'>agens</span> <span class='ocrx_word' id='word_1_113' title='bbox 2013 1542 2443 1650; x_wconf 81' lang='lat' dir='ltr'>proficiscitur</span> <span class='ocrx_word' id='word_1_114' title='bbox 2454 1543 2787 1617; x_wconf 86' lang='lat' dir='ltr'>interdum</span> <span class='ocrx_word' id='word_1_115' title='bbox 2797 1545 2843 1617; x_wconf 71' lang='grc' dir='ltr'>’ὲ</span> <span class='ocrx_word' id='word_1_116' title='bbox 2862 1541 3013 1617; x_wconf 77' lang='lat' dir='ltr'>sub-</span> 
     </span>
     <span class='ocr_line' id='line_1_15' title="bbox 602 1660 1816 1758; baseline -0.017 -12"><span class='ocrx_word' id='word_1_117' title='bbox 602 1693 900 1747; x_wconf 87' lang='lat' dir='ltr'>terraneo</span> <span class='ocrx_word' id='word_1_118' title='bbox 926 1665 1027 1738; x_wconf 90' lang='lat' dir='ltr'>vel</span> <span class='ocrx_word' id='word_1_119' title='bbox 1049 1663 1179 1734; x_wconf 89' lang='lat' dir='ltr'>alio</span> <span class='ocrx_word' id='word_1_120' title='bbox 1202 1681 1595 1758; x_wconf 89' lang='lat' dir='ltr'>quocunque</span> <span class='ocrx_word' id='word_1_121' title='bbox 1610 1660 1783 1757; x_wconf 86' lang='lat' dir='ltr'>igne.</span> <span class='ocrx_word' id='word_1_122' title='bbox 1813 1729 1816 1732; x_wconf 11' lang='grc' dir='ltr'><strong>Α</strong></span> 
     </span>
     <span class='ocr_line' id='line_1_16' title="bbox 707 1742 3016 1854; baseline -0.011 -11"><span class='ocrx_word' id='word_1_123' title='bbox 707 1795 869 1843; x_wconf 83' lang='lat'><em>202.</em></span> <span class='ocrx_word' id='word_1_124' title='bbox 916 1770 1025 1838; x_wconf 87' lang='lat' dir='ltr'>Sic</span> <span class='ocrx_word' id='word_1_125' title='bbox 1045 1761 1324 1832; x_wconf 87' lang='lat' dir='ltr'>hiberno</span> <span class='ocrx_word' id='word_1_126' title='bbox 1354 1779 1657 1854; x_wconf 88' lang='lat' dir='ltr'>tempore</span> <span class='ocrx_word' id='word_1_127' title='bbox 1680 1758 1748 1822; x_wconf 88' lang='lat' dir='ltr'>in</span> <span class='ocrx_word' id='word_1_128' title='bbox 1765 1747 1945 1822; x_wconf 84' lang='lat' dir='ltr'>cellis</span> <span class='ocrx_word' id='word_1_129' title='bbox 1969 1745 2221 1834; x_wconf 88' lang='lat' dir='ltr'>nostris,</span> <span class='ocrx_word' id='word_1_130' title='bbox 2243 1742 2448 1819; x_wconf 81' lang='lat' dir='ltr'>aliisve</span> <span class='ocrx_word' id='word_1_131' title='bbox 2474 1742 2714 1815; x_wconf 83' lang='lat' dir='ltr'>aedium</span> <span class='ocrx_word' id='word_1_132' title='bbox 2735 1745 2897 1818; x_wconf 88' lang='lat' dir='ltr'>locis</span> <span class='ocrx_word' id='word_1_133' title='bbox 2909 1771 3016 1817; x_wconf 85' lang='lat' dir='ltr'>ca-</span> 
     </span>
     <span class='ocr_line' id='line_1_17' title="bbox 601 1841 3020 1959; baseline -0.012 -14"><span class='ocrx_word' id='word_1_134' title='bbox 601 1868 753 1945; x_wconf 85' lang='lat' dir='ltr'>lidis</span> <span class='ocrx_word' id='word_1_135' title='bbox 824 1867 1013 1939; x_wconf 84' lang='lat' dir='ltr'>lantae</span> <span class='ocrx_word' id='word_1_136' title='bbox 1047 1858 1353 1959; x_wconf 84' lang='lat' dir='ltr'>quaedam</span> <span class='ocrx_word' id='word_1_137' title='bbox 1373 1857 1767 1955; x_wconf 87' lang='lat' dir='ltr'>germinant.</span> <span class='ocrx_word' id='word_1_138' title='bbox 1820 1849 2041 1948; x_wconf 87' lang='lat' dir='ltr'>Cepas</span> <span class='ocrx_word' id='word_1_139' title='bbox 2060 1853 2253 1918; x_wconf 90' lang='lat' dir='ltr'>etiam</span> <span class='ocrx_word' id='word_1_140' title='bbox 2269 1853 2337 1917; x_wconf 92' lang='lat' dir='ltr'>in</span> <span class='ocrx_word' id='word_1_141' title='bbox 2356 1841 2652 1920; x_wconf 77' lang='lat' dir='ltr'>trabibus</span> <span class='ocrx_word' id='word_1_142' title='bbox 2672 1844 2901 1920; x_wconf 83' lang='lat' dir='ltr'>culinae</span> <span class='ocrx_word' id='word_1_143' title='bbox 2916 1844 3020 1917; x_wconf 87' lang='lat' dir='ltr'>su-</span> 
     </span>
     <span class='ocr_line' id='line_1_18' title="bbox 602 1954 1550 2071; baseline -0.017 -30"><span class='ocrx_word' id='word_1_144' title='bbox 602 1970 756 2071; x_wconf 77' lang='lat' dir='ltr'>spen</span> <span class='ocrx_word' id='word_1_145' title='bbox 783 1993 849 2036; x_wconf 87' lang='lat' dir='ltr'>as</span> <span class='ocrx_word' id='word_1_146' title='bbox 862 1967 1225 2064; x_wconf 85' lang='lat' dir='ltr'>germinare</span> <span class='ocrx_word' id='word_1_147' title='bbox 1248 1954 1550 2031; x_wconf 87' lang='lat' dir='ltr'>vidimus.</span> 
     </span>
     <span class='ocr_line' id='line_1_19' title="bbox 612 2043 3024 2157; baseline -0.009 -20"><span class='ocrx_word' id='word_1_148' title='bbox 612 2085 617 2090; x_wconf 76' lang='grc'><em>·</em></span> <span class='ocrx_word' id='word_1_149' title='bbox 694 2079 797 2136; x_wconf 85' lang='lat'>&#39;20</span> <span class='ocrx_word' id='word_1_150' title='bbox 806 2088 835 2157; x_wconf 87' lang='lat'><em>3</em></span> <span class='ocrx_word' id='word_1_151' title='bbox 848 2116 865 2134; x_wconf 90' lang='lat'><strong>.</strong></span> <span class='ocrx_word' id='word_1_152' title='bbox 924 2065 998 2130; x_wconf 89' lang='lat' dir='ltr'>ln</span> <span class='ocrx_word' id='word_1_153' title='bbox 1016 2055 1277 2129; x_wconf 87' lang='lat' dir='ltr'>hordeo</span> <span class='ocrx_word' id='word_1_154' title='bbox 1293 2048 1668 2122; x_wconf 64' lang='lat' dir='ltr'>madefacto</span> <span class='ocrx_word' id='word_1_155' title='bbox 1685 2103 1710 2136; x_wconf 86' lang='lat'>,</span> <span class='ocrx_word' id='word_1_156' title='bbox 1730 2045 1920 2147; x_wconf 90' lang='lat' dir='ltr'>quod</span> <span class='ocrx_word' id='word_1_157' title='bbox 1934 2048 2015 2120; x_wconf 86' lang='lat' dir='ltr'>M</span> <span class='ocrx_word' id='word_1_158' title='bbox 2019 2047 2215 2119; x_wconf 89' lang='lat' dir='ltr'>altam</span> <span class='ocrx_word' id='word_1_159' title='bbox 2229 2068 2470 2119; x_wconf 87' lang='lat' dir='ltr'>vocant</span> <span class='ocrx_word' id='word_1_160' title='bbox 2483 2097 2503 2130; x_wconf 87' lang='lat'>‚</span> <span class='ocrx_word' id='word_1_161' title='bbox 2520 2066 2618 2115; x_wconf 82' lang='lat' dir='ltr'>res</span> <span class='ocrx_word' id='word_1_162' title='bbox 2634 2043 2726 2114; x_wconf 86' lang='lat' dir='ltr'>est</span> <span class='ocrx_word' id='word_1_163' title='bbox 2739 2043 3024 2142; x_wconf 76' lang='lat' dir='ltr'>liquida.</span> 
     </span>
     <span class='ocr_line' id='line_1_20' title="bbox 608 2143 3028 2252; baseline -0.008 -15"><span class='ocrx_word' id='word_1_164' title='bbox 608 2166 710 2241; x_wconf 81' lang='lat' dir='ltr'>Ut</span> <span class='ocrx_word' id='word_1_165' title='bbox 734 2170 805 2235; x_wconf 79' lang='grc' dir='ltr'>δε</span> <span class='ocrx_word' id='word_1_166' title='bbox 827 2167 895 2232; x_wconf 90' lang='lat' dir='ltr'>in</span> <span class='ocrx_word' id='word_1_167' title='bbox 920 2157 1091 2242; x_wconf 83' lang='lat' dir='ltr'>liliis,</span> <span class='ocrx_word' id='word_1_168' title='bbox 1119 2150 1382 2252; x_wconf 88' lang='lat' dir='ltr'>aliisque</span> <span class='ocrx_word' id='word_1_169' title='bbox 1403 2147 1677 2226; x_wconf 87' lang='lat' dir='ltr'>floribus</span> <span class='ocrx_word' id='word_1_170' title='bbox 1700 2193 1720 2229; x_wconf 84' lang='lat'>‚</span> <span class='ocrx_word' id='word_1_171' title='bbox 1737 2151 1849 2249; x_wconf 90' lang='lat' dir='ltr'>qui</span> <span class='ocrx_word' id='word_1_172' title='bbox 1872 2154 2133 2221; x_wconf 90' lang='lat' dir='ltr'>ineunte</span> <span class='ocrx_word' id='word_1_173' title='bbox 2150 2172 2299 2221; x_wconf 86' lang='lat' dir='ltr'>vere</span> <span class='ocrx_word' id='word_1_174' title='bbox 2315 2143 2570 2223; x_wconf 84' lang='lat' dir='ltr'>vasculo</span> <span class='ocrx_word' id='word_1_175' title='bbox 2594 2167 2759 2241; x_wconf 86' lang='lat' dir='ltr'>aqua</span> <span class='ocrx_word' id='word_1_176' title='bbox 2772 2145 2983 2246; x_wconf 84' lang='lat' dir='ltr'>pleno</span> <span class='ocrx_word' id='word_1_177' title='bbox 3000 2201 3028 2236; x_wconf 85' lang='lat'>‚</span> 
     </span>
     <span class='ocr_line' id='line_1_21' title="bbox 605 2245 3033 2356; baseline -0.007 -20"><span class='ocrx_word' id='word_1_178' title='bbox 605 2288 681 2338; x_wconf 88' lang='lat' dir='ltr'>ut</span> <span class='ocrx_word' id='word_1_179' title='bbox 699 2259 855 2333; x_wconf 83' lang='lat' dir='ltr'>folia</span> <span class='ocrx_word' id='word_1_180' title='bbox 877 2257 1071 2342; x_wconf 73' lang='lat' dir='ltr'>citius</span> <span class='ocrx_word' id='word_1_181' title='bbox 1092 2255 1417 2356; x_wconf 78' lang='lat' dir='ltr'>explicent</span> <span class='ocrx_word' id='word_1_182' title='bbox 1434 2304 1453 2332; x_wconf 90' lang='lat'>,</span> <span class='ocrx_word' id='word_1_183' title='bbox 1477 2252 1669 2323; x_wconf 88' lang='lat' dir='ltr'>domi</span> <span class='ocrx_word' id='word_1_184' title='bbox 1694 2254 2127 2349; x_wconf 89' lang='lat' dir='ltr'>reperiuntur.</span> <span class='ocrx_word' id='word_1_185' title='bbox 2182 2245 2325 2320; x_wconf 87' lang='lat' dir='ltr'>Ubi</span> <span class='ocrx_word' id='word_1_186' title='bbox 2344 2252 2538 2319; x_wconf 88' lang='lat' dir='ltr'>etiam</span> <span class='ocrx_word' id='word_1_187' title='bbox 2565 2268 2744 2346; x_wconf 84' lang='lat' dir='ltr'>patet</span> <span class='ocrx_word' id='word_1_188' title='bbox 2766 2302 2789 2334; x_wconf 88' lang='lat'>‚</span> <span class='ocrx_word' id='word_1_189' title='bbox 2817 2272 3033 2347; x_wconf 85' lang='lat' dir='ltr'>quan-</span> 
     </span>
     <span class='ocr_line' id='line_1_22' title="bbox 613 2344 2535 2457; baseline -0.008 -23"><span class='ocrx_word' id='word_1_190' title='bbox 613 2388 759 2445; x_wconf 83' lang='lat' dir='ltr'>tum</span> <span class='ocrx_word' id='word_1_191' title='bbox 780 2357 1138 2431; x_wconf 86' lang='lat' dir='ltr'>humiditas</span> <span class='ocrx_word' id='word_1_192' title='bbox 1155 2360 1701 2457; x_wconf 84' lang='lat' dir='ltr'>germinationem</span> <span class='ocrx_word' id='word_1_193' title='bbox 1724 2373 2143 2449; x_wconf 75' lang='lat' dir='ltr'>promoveat.</span> <span class='ocrx_word' id='word_1_194' title='bbox 2165 2346 2220 2447; x_wconf 87' lang='lat'>§.</span> <span class='ocrx_word' id='word_1_195' title='bbox 2255 2352 2379 2423; x_wconf 83' lang='lat'>26.</span> <span class='ocrx_word' id='word_1_196' title='bbox 2394 2344 2535 2445; x_wconf 87' lang='lat' dir='ltr'><strong>sqq.</strong></span> 
     </span>
     <span class='ocr_line' id='line_1_23' title="bbox 722 2442 3023 2552; baseline -0.007 -18"><span class='ocrx_word' id='word_1_197' title='bbox 722 2487 888 2551; x_wconf 85' lang='lat'>204.</span> <span class='ocrx_word' id='word_1_198' title='bbox 939 2456 1235 2531; x_wconf 70' lang='lat' dir='ltr'>Maxime</span> <span class='ocrx_word' id='word_1_199' title='bbox 1271 2454 1514 2525; x_wconf 76' lang='lat' dir='ltr'>veroin</span> <span class='ocrx_word' id='word_1_200' title='bbox 1532 2451 1769 2552; x_wconf 88' lang='lat' dir='ltr'>plantis</span> <span class='ocrx_word' id='word_1_201' title='bbox 1784 2445 2292 2520; x_wconf 77' lang='lat' dir='ltr'>considerandus</span> <span class='ocrx_word' id='word_1_202' title='bbox 2316 2450 2406 2518; x_wconf 89' lang='lat' dir='ltr'>est</span> <span class='ocrx_word' id='word_1_203' title='bbox 2425 2449 2591 2550; x_wconf 85' lang='lat' dir='ltr'>ignis</span> <span class='ocrx_word' id='word_1_204' title='bbox 2609 2443 2717 2516; x_wconf 85' lang='lat' dir='ltr'>ille</span> <span class='ocrx_word' id='word_1_205' title='bbox 2740 2442 3023 2531; x_wconf 75' lang='lat' dir='ltr'>caliduS,</span> 
     </span>
     <span class='ocr_line' id='line_1_24' title="bbox 555 2544 2948 2653; baseline -0.01 -18"><span class='ocrx_word' id='word_1_206' title='bbox 555 2598 558 2600; x_wconf 48' lang='grc'>’</span> <span class='ocrx_word' id='word_1_207' title='bbox 614 2571 688 2641; x_wconf 86' lang='lat'>&amp;</span> <span class='ocrx_word' id='word_1_208' title='bbox 712 2585 848 2633; x_wconf 86' lang='lat' dir='ltr'>non</span> <span class='ocrx_word' id='word_1_209' title='bbox 866 2558 1119 2632; x_wconf 83' lang='lat' dir='ltr'>lucidus</span> <span class='ocrx_word' id='word_1_210' title='bbox 1142 2613 1160 2641; x_wconf 91' lang='lat'>,</span> <span class='ocrx_word' id='word_1_211' title='bbox 1190 2562 1256 2636; x_wconf 76' lang='lat' dir='ltr'>in</span> <span class='ocrx_word' id='word_1_212' title='bbox 1282 2580 1420 2653; x_wconf 92' lang='lat' dir='ltr'>quo</span> <span class='ocrx_word' id='word_1_213' title='bbox 1446 2550 1868 2623; x_wconf 86' lang='lat' dir='ltr'>fermentatio</span> <span class='ocrx_word' id='word_1_214' title='bbox 1890 2546 2195 2623; x_wconf 73' lang='lat' dir='ltr'>consistit.</span> <span class='ocrx_word' id='word_1_215' title='bbox 2565 2546 2572 2551; x_wconf 75' lang='grc'><em>’</em></span> <span class='ocrx_word' id='word_1_216' title='bbox 2743 2598 2748 2603; x_wconf 85' lang='grc'>-</span> <span class='ocrx_word' id='word_1_217' title='bbox 2943 2544 2948 2549; x_wconf 83' lang='grc'>’</span> 
     </span>
     <span class='ocr_line' id='line_1_25' title="bbox 716 2638 3112 2756; baseline -0.009 -22"><span class='ocrx_word' id='word_1_218' title='bbox 716 2667 885 2755; x_wconf 71' lang='lat'>205.‘</span> <span class='ocrx_word' id='word_1_219' title='bbox 934 2660 1168 2743; x_wconf 81' lang='lat' dir='ltr'>Talem</span> <span class='ocrx_word' id='word_1_220' title='bbox 1188 2654 1467 2756; x_wconf 84' lang='lat' dir='ltr'>quippei</span> <span class='ocrx_word' id='word_1_221' title='bbox 1517 2679 1667 2730; x_wconf 85' lang='lat' dir='ltr'>nem</span> <span class='ocrx_word' id='word_1_222' title='bbox 1684 2650 1918 2750; x_wconf 86' lang='lat' dir='ltr'>plantae</span> <span class='ocrx_word' id='word_1_223' title='bbox 1940 2655 2007 2719; x_wconf 84' lang='lat' dir='ltr'>in</span> <span class='ocrx_word' id='word_1_224' title='bbox 2023 2644 2294 2730; x_wconf 86' lang='lat' dir='ltr'>semine,</span> <span class='ocrx_word' id='word_1_225' title='bbox 2312 2642 2553 2733; x_wconf 85' lang='lat' dir='ltr'>bulbis,</span> <span class='ocrx_word' id='word_1_226' title='bbox 2581 2638 3032 2738; x_wconf 85' lang='lat' dir='ltr'>radicibusque</span> <span class='ocrx_word' id='word_1_227' title='bbox 3103 2726 3112 2737; x_wconf 43' lang='lat'>‚</span> 
     </span>
     <span class='ocr_line' id='line_1_26' title="bbox 613 2682 3044 2856; baseline -0.006 -22"><span class='ocrx_word' id='word_1_228' title='bbox 613 2760 861 2834; x_wconf 80' lang='lat' dir='ltr'>habent</span> <span class='ocrx_word' id='word_1_229' title='bbox 880 2814 900 2845; x_wconf 88' lang='lat'>,</span> <span class='ocrx_word' id='word_1_230' title='bbox 921 2764 1233 2856; x_wconf 88' lang='lat' dir='ltr'>quoniam</span> <span class='ocrx_word' id='word_1_231' title='bbox 1253 2762 1319 2826; x_wconf 88' lang='lat' dir='ltr'>in</span> <span class='ocrx_word' id='word_1_232' title='bbox 1337 2682 1587 2826; x_wconf 49' lang='lat' dir='ltr'>cungfis</span> <span class='ocrx_word' id='word_1_233' title='bbox 1600 2749 1845 2849; x_wconf 86' lang='lat' dir='ltr'>aliquid</span> <span class='ocrx_word' id='word_1_234' title='bbox 1868 2748 2191 2829; x_wconf 80' lang='lat' dir='ltr'>invenitur</span> <span class='ocrx_word' id='word_1_235' title='bbox 2209 2801 2230 2834; x_wconf 90' lang='lat'>,</span> <span class='ocrx_word' id='word_1_236' title='bbox 2254 2745 2443 2845; x_wconf 90' lang='lat' dir='ltr'>quod</span> <span class='ocrx_word' id='word_1_237' title='bbox 2457 2743 2747 2847; x_wconf 59' lang='lat' dir='ltr'>respectu</span> <span class='ocrx_word' id='word_1_238' title='bbox 2767 2742 3044 2829; x_wconf 76' lang='lat' dir='ltr'>telluriS,</span> 
     </span>
     <span class='ocr_line' id='line_1_27' title="bbox 616 2847 2958 2957; baseline -0.009 -23"><span class='ocrx_word' id='word_1_239' title='bbox 616 2865 687 2934; x_wconf 81' lang='lat' dir='ltr'>in</span> <span class='ocrx_word' id='word_1_240' title='bbox 701 2884 831 2957; x_wconf 85' lang='lat' dir='ltr'>qua</span> <span class='ocrx_word' id='word_1_241' title='bbox 851 2856 1144 2930; x_wconf 89' lang='lat' dir='ltr'>crescunt</span> <span class='ocrx_word' id='word_1_242' title='bbox 1162 2903 1185 2934; x_wconf 82' lang='lat'>‚</span> <span class='ocrx_word' id='word_1_243' title='bbox 1225 2852 1528 2930; x_wconf 87' lang='lat' dir='ltr'>fermenti</span> <span class='ocrx_word' id='word_1_244' title='bbox 1558 2859 1880 2923; x_wconf 88' lang='lat' dir='ltr'>rationem</span> <span class='ocrx_word' id='word_1_245' title='bbox 1907 2847 2195 2920; x_wconf 74' lang='lat' dir='ltr'>obtinet,</span> <span class='ocrx_word' id='word_1_246' title='bbox 2951 2868 2958 2881; x_wconf 74' lang='lat'>¹</span> 
     </span>
     <span class='ocr_line' id='line_1_28' title="bbox 724 2943 3039 3050; baseline -0.006 -19"><span class='ocrx_word' id='word_1_247' title='bbox 724 2960 887 3031; x_wconf 87' lang='lat'>206.</span> <span class='ocrx_word' id='word_1_248' title='bbox 935 2957 1145 3029; x_wconf 88' lang='lat' dir='ltr'>Calor</span> <span class='ocrx_word' id='word_1_249' title='bbox 1173 2962 1238 3026; x_wconf 91' lang='lat' dir='ltr'>in</span> <span class='ocrx_word' id='word_1_250' title='bbox 1272 2951 1494 3050; x_wconf 85' lang='lat' dir='ltr'>planta</span> <span class='ocrx_word' id='word_1_251' title='bbox 1530 2952 1799 3023; x_wconf 83' lang='lat' dir='ltr'>existens</span> <span class='ocrx_word' id='word_1_252' title='bbox 1828 2946 1954 3020; x_wconf 86' lang='lat' dir='ltr'>five</span> <span class='ocrx_word' id='word_1_253' title='bbox 1981 2949 2018 3019; x_wconf 66' lang='lat' dir='ltr'>a</span> <span class='ocrx_word' id='word_1_254' title='bbox 2040 2946 2195 3020; x_wconf 89' lang='lat' dir='ltr'>Sole</span> <span class='ocrx_word' id='word_1_255' title='bbox 2209 2943 2343 3028; x_wconf 77' lang='lat' dir='ltr'>five</span> <span class='ocrx_word' id='word_1_256' title='bbox 2364 2945 2445 3016; x_wconf 87' lang='lat' dir='ltr'>ab</span> <span class='ocrx_word' id='word_1_257' title='bbox 2469 2945 2602 3030; x_wconf 79' lang='lat' dir='ltr'>alio</span> <span class='ocrx_word' id='word_1_258' title='bbox 2611 2943 2865 3047; x_wconf 68' lang='lat' dir='ltr'>,igne‘fit</span> <span class='ocrx_word' id='word_1_259' title='bbox 2876 2971 3039 3047; x_wconf 79' lang='lat' dir='ltr'>pro·</span> 
     </span>
     <span class='ocr_line' id='line_1_29' title="bbox 623 3043 3047 3150; baseline -0.007 -19"><span class='ocrx_word' id='word_1_260' title='bbox 623 3056 834 3131; x_wconf 66' lang='lat' dir='ltr'>fectus</span> <span class='ocrx_word' id='word_1_261' title='bbox 856 3108 877 3141; x_wconf 87' lang='lat'>‚</span> <span class='ocrx_word' id='word_1_262' title='bbox 911 3053 1170 3127; x_wconf 87' lang='lat' dir='ltr'>succum</span> <span class='ocrx_word' id='word_1_263' title='bbox 1206 3050 1681 3121; x_wconf 84' lang='lat' dir='ltr'>alimentarium</span> <span class='ocrx_word' id='word_1_264' title='bbox 1702 3076 1820 3150; x_wconf 85' lang='lat' dir='ltr'>per</span> <span class='ocrx_word' id='word_1_265' title='bbox 1840 3047 2073 3149; x_wconf 81' lang='lat' dir='ltr'>plantae</span> <span class='ocrx_word' id='word_1_266' title='bbox 2093 3068 2344 3117; x_wconf 79' lang='lat' dir='ltr'>meatus</span> <span class='ocrx_word' id='word_1_267' title='bbox 2362 3043 2745 3149; x_wconf 69' lang='lat' dir='ltr'>{ursumagit</span> <span class='ocrx_word' id='word_1_268' title='bbox 2767 3076 2785 3129; x_wconf 92' lang='grc'>·,</span> <span class='ocrx_word' id='word_1_269' title='bbox 2821 3071 2896 3118; x_wconf 89' lang='lat' dir='ltr'>ut</span> <span class='ocrx_word' id='word_1_270' title='bbox 2916 3049 3047 3115; x_wconf 84' lang='lat' dir='ltr'>mi-</span> 
     </span>
     <span class='ocr_line' id='line_1_30' title="bbox 625 3138 3045 3249; baseline -0.006 -20"><span class='ocrx_word' id='word_1_271' title='bbox 625 3156 806 3231; x_wconf 71' lang='lat' dir='ltr'>nime</span> <span class='ocrx_word' id='word_1_272' title='bbox 850 3150 921 3226; x_wconf 85' lang='lat' dir='ltr'>fit</span> <span class='ocrx_word' id='word_1_273' title='bbox 963 3150 1212 3225; x_wconf 72' lang='lat' dir='ltr'>necess‘e</span> <span class='ocrx_word' id='word_1_274' title='bbox 1245 3154 1378 3221; x_wconf 81' lang='lat' dir='ltr'>vim</span> <span class='ocrx_word' id='word_1_275' title='bbox 1410 3138 1607 3220; x_wconf 81' lang='lat' dir='ltr'>ullam</span> <span class='ocrx_word' id='word_1_276' title='bbox 1632 3154 2068 3223; x_wconf 71' lang='lat' dir='ltr'>attraCtricem</span> <span class='ocrx_word' id='word_1_277' title='bbox 2093 3143 2332 3247; x_wconf 84' lang='lat' dir='ltr'>plantis</span> <span class='ocrx_word' id='word_1_278' title='bbox 2349 3143 2679 3249; x_wconf 82' lang='lat' dir='ltr'>affingere.</span> <span class='ocrx_word' id='word_1_279' title='bbox 2733 3141 3045 3221; x_wconf 59' lang='lat' dir='ltr'>videm.</span> 
     </span>
     <span class='ocr_line' id='line_1_31' title="bbox 631 3246 2998 3351; baseline -0.008 -26"><span class='ocrx_word' id='word_1_280' title='bbox 631 3278 675 3349; x_wconf 82' lang='lat'>9·</span> <span class='ocrx_word' id='word_1_281' title='bbox 692 3280 726 3324; x_wconf 87' lang='lat'><em>2</em></span> <span class='ocrx_word' id='word_1_282' title='bbox 744 3280 768 3322; x_wconf 91' lang='lat'>1</span> <span class='ocrx_word' id='word_1_283' title='bbox 789 3303 806 3323; x_wconf 87' lang='lat'><strong>.</strong></span> <span class='ocrx_word' id='word_1_284' title='bbox 820 3248 963 3351; x_wconf 81' lang='lat' dir='ltr'><strong>sqq.</strong></span> <span class='ocrx_word' id='word_1_285' title='bbox 1385 3319 1391 3325; x_wconf 77' lang='grc'><em>,</em></span> <span class='ocrx_word' id='word_1_286' title='bbox 2147 3248 2154 3251; x_wconf 77' lang='grc'>’</span> <span class='ocrx_word' id='word_1_287' title='bbox 2569 3322 2572 3333; x_wconf 24' lang='grc' dir='ltr'><strong>Γ</strong></span> <span class='ocrx_word' id='word_1_288' title='bbox 2815 3246 2820 3253; x_wconf 86' lang='grc'><strong><em>’</em></strong></span> <span class='ocrx_word' id='word_1_289' title='bbox 2993 3248 2998 3253; x_wconf 82' lang='grc'><strong><em>’</em></strong></span> 
     </span>
     <span class='ocr_line' id='line_1_32' title="bbox 720 3332 3050 3447; baseline -0.007 -20"><span class='ocrx_word' id='word_1_290' title='bbox 720 3377 890 3440; x_wconf 88' lang='lat'>207.</span> <span class='ocrx_word' id='word_1_291' title='bbox 943 3350 1203 3424; x_wconf 88' lang='lat' dir='ltr'>Eodem</span> <span class='ocrx_word' id='word_1_292' title='bbox 1225 3347 1540 3422; x_wconf 89' lang='lat' dir='ltr'>conducit</span> <span class='ocrx_word' id='word_1_293' title='bbox 1555 3352 1777 3421; x_wconf 87' lang='lat' dir='ltr'>omnis</span> <span class='ocrx_word' id='word_1_294' title='bbox 1800 3352 2064 3420; x_wconf 83' lang='lat' dir='ltr'>materia</span> <span class='ocrx_word' id='word_1_295' title='bbox 2086 3344 2341 3419; x_wconf 71' lang='lat' dir='ltr'>caelestis</span> <span class='ocrx_word' id='word_1_296' title='bbox 2358 3401 2379 3433; x_wconf 92' lang='lat'><strong>,</strong></span> <span class='ocrx_word' id='word_1_297' title='bbox 2414 3370 2562 3447; x_wconf 80' lang='lat' dir='ltr'>quae</span> <span class='ocrx_word' id='word_1_298' title='bbox 2580 3332 2796 3418; x_wconf 48' lang='lat' dir='ltr'>ater-&#39;ra</span> <span class='ocrx_word' id='word_1_299' title='bbox 2810 3332 3050 3413; x_wconf 82' lang='lat' dir='ltr'>sursum</span> 
     </span>
     <span class='ocr_line' id='line_1_33' title="bbox 625 3440 3052 3553; baseline -0.007 -24"><span class='ocrx_word' id='word_1_300' title='bbox 625 3451 900 3529; x_wconf 86' lang='lat' dir='ltr'>tendens</span> <span class='ocrx_word' id='word_1_301' title='bbox 940 3459 1201 3553; x_wconf 89' lang='lat' dir='ltr'>ingente</span> <span class='ocrx_word' id='word_1_302' title='bbox 1235 3453 1517 3549; x_wconf 86' lang='lat' dir='ltr'>copiain</span> <span class='ocrx_word' id='word_1_303' title='bbox 1598 3459 1728 3522; x_wconf 85' lang='lat' dir='ltr'>oris</span> <span class='ocrx_word' id='word_1_304' title='bbox 1759 3443 2188 3546; x_wconf 84' lang='lat' dir='ltr'>cujuscunque</span> <span class='ocrx_word' id='word_1_305' title='bbox 2209 3445 2448 3547; x_wconf 82' lang='lat' dir='ltr'>plantae</span> <span class='ocrx_word' id='word_1_306' title='bbox 2469 3443 2816 3549; x_wconf 74' lang='lat' dir='ltr'>semperva</span> <span class='ocrx_word' id='word_1_307' title='bbox 2901 3440 3052 3527; x_wconf 83' lang='lat' dir='ltr'>tur,</span> 
     </span>
     <span class='ocr_line' id='line_1_34' title="bbox 624 3469 3052 3656; baseline -0.006 -29"><span class='ocrx_word' id='word_1_308' title='bbox 624 3564 701 3653; x_wconf 62' lang='lat' dir='ltr'>§c</span> <span class='ocrx_word' id='word_1_309' title='bbox 737 3552 1009 3653; x_wconf 89' lang='lat' dir='ltr'>quidem</span> <span class='ocrx_word' id='word_1_310' title='bbox 1026 3552 1361 3656; x_wconf 74' lang='lat' dir='ltr'>potentius</span> <span class='ocrx_word' id='word_1_311' title='bbox 1385 3575 1459 3620; x_wconf 85' lang='lat' dir='ltr'>ac</span> <span class='ocrx_word' id='word_1_312' title='bbox 1477 3476 1750 3624; x_wconf 63' lang='lat' dir='ltr'>celerius</span> <span class='ocrx_word' id='word_1_313' title='bbox 1772 3546 1876 3618; x_wconf 89' lang='lat' dir='ltr'>die</span> <span class='ocrx_word' id='word_1_314' title='bbox 1891 3546 2094 3645; x_wconf 71' lang='lat' dir='ltr'>quam</span> <span class='ocrx_word' id='word_1_315' title='bbox 2116 3551 2346 3633; x_wconf 64' lang='lat' dir='ltr'>notite,</span> <span class='ocrx_word' id='word_1_316' title='bbox 2383 3548 2591 3622; x_wconf 85' lang='lat' dir='ltr'>aestate</span> <span class='ocrx_word' id='word_1_317' title='bbox 2615 3469 3052 3648; x_wconf 30' lang='lat' dir='ltr'>quim-{licum</span> 
     </span>
     <span class='ocr_line' id='line_1_35' title="bbox 630 3672 2788 3735; baseline -0.004 -12"><span class='ocrx_word' id='word_1_318' title='bbox 630 3676 977 3727; x_wconf 61' lang='lat' dir='ltr'>movetuu</span> <span class='ocrx_word' id='word_1_319' title='bbox 2053 3672 2062 3679; x_wconf 92' lang='grc'>·</span> <span class='ocrx_word' id='word_1_320' title='bbox 2129 3716 2134 3721; x_wconf 79' lang='lat'><strong>.</strong></span> <span class='ocrx_word' id='word_1_321' title='bbox 2333 3714 2340 3717; x_wconf 86' lang='lat'><em>.</em></span> <span class='ocrx_word' id='word_1_322' title='bbox 2462 3716 2468 3723; x_wconf 83' lang='grc'><strong><em>,</em></strong></span> <span class='ocrx_word' id='word_1_323' title='bbox 2550 3720 2555 3735; x_wconf 64' lang='lat'><em>,</em></span> <span class='ocrx_word' id='word_1_324' title='bbox 2781 3672 2788 3683; x_wconf 86' lang='lat'><strong>·</strong></span> 
     </span>
     <span class='ocr_line' id='line_1_36' title="bbox 622 3742 3192 3851; baseline -0.002 -30"><span class='ocrx_word' id='word_1_325' title='bbox 622 3766 631 3769; x_wconf 81' lang='grc'><strong>’</strong></span> <span class='ocrx_word' id='word_1_326' title='bbox 728 3755 899 3824; x_wconf 77' lang='lat'><em>208.</em></span> <span class='ocrx_word' id='word_1_327' title='bbox 949 3748 1348 3851; x_wconf 82' lang='lat' dir='ltr'>Hujufmodi</span> <span class='ocrx_word' id='word_1_328' title='bbox 1380 3747 1617 3822; x_wconf 84' lang='lat' dir='ltr'>caloris</span> <span class='ocrx_word' id='word_1_329' title='bbox 1654 3754 1725 3820; x_wconf 83' lang='lat'>&amp;</span> <span class='ocrx_word' id='word_1_330' title='bbox 1754 3754 2036 3820; x_wconf 66' lang='lat' dir='ltr'>materiae</span> <span class='ocrx_word' id='word_1_331' title='bbox 2070 3747 2326 3827; x_wconf 75' lang='lat' dir='ltr'>caelestis</span> <span class='ocrx_word' id='word_1_332' title='bbox 2360 3751 2618 3831; x_wconf 69' lang='lat' dir='ltr'>afflone</span> <span class='ocrx_word' id='word_1_333' title='bbox 2647 3746 2878 3821; x_wconf 68' lang='lat' dir='ltr'>ffic‘cus</span> <span class='ocrx_word' id='word_1_334' title='bbox 2913 3742 3063 3820; x_wconf 69' lang='lat' dir='ltr'>nob.</span> <span class='ocrx_word' id='word_1_335' title='bbox 3165 3780 3192 3783; x_wconf 56' lang='grc'>’-</span> 
     </span>
     <span class='ocr_line' id='line_1_37' title="bbox 628 3844 2824 3948; baseline -0.005 -26"><span class='ocrx_word' id='word_1_336' title='bbox 628 3845 847 3922; x_wconf 73' lang='lat' dir='ltr'>modo</span> <span class='ocrx_word' id='word_1_337' title='bbox 866 3874 942 3919; x_wconf 84' lang='lat' dir='ltr'>ex</span> <span class='ocrx_word' id='word_1_338' title='bbox 961 3858 1203 3923; x_wconf 83' lang='lat' dir='ltr'>terrain</span> <span class='ocrx_word' id='word_1_339' title='bbox 1224 3851 1508 3923; x_wconf 86' lang='lat' dir='ltr'>radicem</span> <span class='ocrx_word' id='word_1_340' title='bbox 1534 3844 1965 3948; x_wconf 78' lang='lat' dir='ltr'>propellitur3</span> <span class='ocrx_word' id='word_1_341' title='bbox 2565 3892 2574 3900; x_wconf 85' lang='lat'>-</span> <span class='ocrx_word' id='word_1_342' title='bbox 2646 3848 2649 3852; x_wconf 75' lang='grc'><strong>’</strong></span> <span class='ocrx_word' id='word_1_343' title='bbox 2793 3846 2824 3853; x_wconf 78' lang='grc'>“’</span> 
     </span>
     <span class='ocr_line' id='line_1_38' title="bbox 546 3941 3065 4044; baseline -0.004 -20"><span class='ocrx_word' id='word_1_344' title='bbox 546 4041 550 4044; x_wconf 10' lang='grc' dir='ltr'><em>Α</em></span> <span class='ocrx_word' id='word_1_345' title='bbox 726 3973 891 4037; x_wconf 86' lang='lat'>209.</span> <span class='ocrx_word' id='word_1_346' title='bbox 944 3949 1079 4027; x_wconf 79' lang='lat' dir='ltr'>Sed</span> <span class='ocrx_word' id='word_1_347' title='bbox 1107 3948 1373 4025; x_wconf 71' lang='lat' dir='ltr'>ulterius</span> <span class='ocrx_word' id='word_1_348' title='bbox 1407 3953 1933 4026; x_wconf 82' lang='lat' dir='ltr'>etiaminramos</span> <span class='ocrx_word' id='word_1_349' title='bbox 1953 3946 2277 4025; x_wconf 86' lang='lat' dir='ltr'>attollitur</span> <span class='ocrx_word' id='word_1_350' title='bbox 2289 3946 2713 4036; x_wconf 77' lang='lat' dir='ltr'>adfoliorum</span> <span class='ocrx_word' id='word_1_351' title='bbox 2730 3941 2936 4042; x_wconf 26' lang='lat' dir='ltr'>usque·</span> <span class='ocrx_word' id='word_1_352' title='bbox 2953 3968 3065 4016; x_wconf 79' lang='lat' dir='ltr'>ex·</span> 
     </span>
     <span class='ocr_line' id='line_1_39' title="bbox 644 4039 3091 4135; baseline -0.006 -5"><span class='ocrx_word' id='word_1_353' title='bbox 644 4053 1039 4135; x_wconf 56' lang='lat' dir='ltr'>ttemitatea.</span> <span class='ocrx_word' id='word_1_354' title='bbox 1469 4108 1487 4112; x_wconf 52' lang='lat'><em>„</em></span> <span class='ocrx_word' id='word_1_355' title='bbox 1546 4098 1561 4108; x_wconf 73' lang='lat'><em>,</em></span> <span class='ocrx_word' id='word_1_356' title='bbox 2737 4068 2906 4129; x_wconf 66' lang='lat'>210.</span> <span class='ocrx_word' id='word_1_357' title='bbox 2922 4039 3091 4117; x_wconf 57' lang='lat' dir='ltr'>Ad,</span> 
     </span>
    </p>
   </div>
  </div>
 </body>
</html>
