3391 4418
969 72 1725 216 flursrca
1841 129 2274 221 XXXII.
2649 69 2848 249 ⁴257

406 246 653 353 poffit)
697 247 927 330 verum
953 249 1147 316 etiam
1171 241 1572 317 definitionis
1594 241 1789 315 bonae
1813 241 1906 317 hae
1922 244 2063 316 sunt
2079 245 2295 349 leges.-
2337 268 2408 319 ut
2426 243 2496 318 fit
2514 244 2749 338 brevis,
2778 280 2856 330 ut

409 350 748 421 contraria:
784 350 875 416 rei
896 343 1196 416 definitio
1227 351 1757 446 contrarietatem
1777 340 2114 446 perspicue
2132 353 2454 446 exprimat
2473 401 2494 432 ‚
2528 374 2598 422 ut
2617 355 2709 422 rei
2730 380 2846 430 cu-

317 462 323 473 ·
406 445 760 543 juscunquc
793 444 1089 517 definitio
1129 468 1427 516 naturam
1459 454 1596 543 ejus
1634 442 2174 546 describatprout
2207 473 2284 519 ca
2306 452 2630 521 invenitur
2656 457 2723 522 in
2745 460 2842 525 vi-

408 572 573 649 gore
587 542 697 616 suo
712 550 777 615 &
794 545 952 617 statu
967 541 1458 647 perfectislimo.
1505 546 1654 641 Jam
1677 552 1827 643 quia
1844 548 2089 618 tardior
2111 573 2334 622 motus
2355 547 2835 663 comprehendi

408 645 628 748 potest
640 641 747 716 sub
764 648 984 743 quiete
999 690 1023 723 ‚
1057 644 1359 719 brevitati
1380 642 1724 717 consulunt
1739 690 1759 724 ‚
1795 653 1907 744 qui
1930 646 2188 734 dicunt,
2226 646 2422 748 frigus
2436 651 2557 720 esse
2574 655 2835 751 exigua·

408 772 560 822 rum
598 750 874 845 partium
910 750 1231 843 quictem.
1287 751 1597 842 Cumque
1629 752 1697 816 in
1733 747 1965 819 caloris
1991 747 2375 824 definitione
2392 744 2583 822 solius
2606 776 2830 827 motus

407 843 579 918 facta
598 842 673 917 fit
691 850 982 924 mentio,
1022 841 1157 914 fiin
1176 840 1437 943 frigoris
1457 845 1845 918 definitione
1860 844 1996 917 sola
2016 873 2422 920 memoretur
2440 857 2622 946 quies
2636 903 2658 936 ,
2691 858 2831 924 evi-

406 945 670 1018 dentior
698 948 823 1016 erit
864 940 1224 1044 oppofitiO.
1274 945 1375 1015 Ac
1409 943 1693 1044 denique
1716 948 1868 1017 cum
1887 946 2254 1046 persedium
2279 945 2512 1046 frigus,
2539 944 2734 1049 frigus
2767 964 2823 1025 ὃν

399 1048 575 1142 diupi?
604 1044 864 1116 tantum
894 1048 963 1111 in
998 1042 1555 1138 quiete·confistat
1572 1088 1597 1121 2
1630 1052 1929 1141 quamvis
1951 1052 2163 1119 minus
2187 1043 2496 1147 frigidum
2521 1050 2820 1120 tardioris

295 1217 303 1226 ,
398 1166 620 1215 motus
635 1138 710 1212 fit
722 1144 1046 1242 particeps
1063 1192 1082 1218 ,
1111 1140 1458 1213 redtiffime*
1476 1196 1499 1227 ,
1538 1150 1778 1241 opinor
1798 1189 1820 1225 ‚
1844 1144 2143 1217 definitio
2159 1144 2418 1246 frigoris
2435 1137 2568 1213 sola
2584 1153 2819 1244 quietis

400 1246 747 1315 mentione
776 1236 1147 1311 absolvitur.
1194 1244 1502 1312 Summus
1532 1240 1770 1338 gradus
1795 1248 1984 1319 unius
2006 1251 2313 1317 contrarii
2337 1236 2501 1312 nihil
2516 1243 2823 1342 relinquit

401 1341 486 1412 de
505 1340 714 1411 altero
729 1382 752 1418 ‚
774 1337 1346 1435 quemadmodum
1364 1338 1492 1410 dici
1509 1338 1694 1411 solet.
1730 1345 1903 1438 Ergo
1925 1341 2339 1415 definitiones
2356 1338 2590 1413 caloris
2615 1351 2684 1415 &
2707 1341 2823 1414 fri-

400 1444 580 1540 goris
598 1443 691 1509 ita
708 1435 1087 1538 compofitae
1102 1489 1124 1521 ‚
1147 1442 1243 1509 uti
1266 1434 1523 1510 dietum
1538 1438 1630 1506 est
1648 1489 1669 1521 ,
1691 1461 1951 1508 naturas
1969 1439 2289 1539 utriusque
2308 1438 2628 1539 qualitatis
2646 1467 2733 1543 op
2742 1447 2830 1515 ti-

402 1539 513 1609 m&
552 1536 910 1609 declarant.
965 1536 1213 1611 Verum
1241 1535 1368 1629 hac
1401 1534 1485 1608 de
1515 1561 1583 1607 re
1598 1560 1738 1608 non
1754 1538 1845 1607 est
1865 1561 2262 1639 magnopere
2283 1536 2449 1612 disce
2501 1540 2770 1615 tandum
2793 1587 2820 1619 ι

402 1638 555 1710 cum
576 1633 721 1709 satis
748 1632 1224 1738 exposuerimus
1239 1634 1621 1710 sententiam
1646 1636 1933 1709 nostram
1955 1690 1976 1724 ,
2014 1639 2201 1737 quod
2224 1637 2420 1741 frigus
2442 1566 2519 1712 ἔτ
2533 1649 2821 1741 partium

401 1741 704 1839 corporis
719 1744 1084 1839 exiguarum
1108 1742 1289 1836 quies
1308 1791 1332 1825 ‚
1362 1759 1470 1809 aut
1491 1738 1662 1810 certe*
1686 1733 1936 1809 tardior
1958 1762 2183 1813 motus
2209 1769 2225 1812 ε
2314 1766 2406 1812 uae
2429 1747 2643 1837 quies,
2679 1733 2823 1843 qu'ae

397 1863 621 1913 motus
654 1838 918 1922 tarditas
949 1863 1084 1913 tum
1119 1835 1393 1910 demum
1410 1834 1946 1939 frigorisnomine
1968 1836 2251 1942 infigniri
2264 1767 2433 1912 solet
2452 1893 2474 1924 ‚
2505 1843 2654 1912 cum
2719 1870 2823 1914 at-

401 1964 497 2012 tes
531 1935 761 2042 org'ani
795 1943 1114 2043 tangentis
1146 1937 1410 2012 celerius
1455 1944 1794 2040 agitantur.
1861 1936 2025 2011 Inde
2064 1947 2237 2012 enim
2265 1940 2372 2022 fit,
2418 1939 2604 2038 quod
2635 1871 2822 2014 iffam

391 2045 678 2140 quietem
693 2041 798 2114 vel
818 2041 1192 2116 tarditatem
1207 2063 1279 2112 ut
1299 2044 1637 2141 agitationi
1657 2038 1813 2112 huic
1836 2047 2228 2114 contrariam
2242 2037 2569 2129 sentimus,
2587 2069 2821 2142 quem-

394 2139 761 2309 }dmodum
786 2141 869 2217 de
892 2141 1124 2222 caloris
1139 2140 1577 2240 appellatione
1599 2136 1857 2215 &i‘ensu
1874 2140 1935 2241 §-
1965 2168 2068 2239 ¹7·
2087 2139 2245 2245 disp.
2262 2142 2671 2245 praecedente
2692 2141 2820 2219 ob-

425 2268 799 2317 ervavimuS.

460 2400 546 2486 V
563 2406 605 2486 1
617 2406 678 2488 1.
715 2409 968 2513 Frigus
982 2409 1286 2489 interim
1297 2410 1538 2491 minus
1558 2402 1908 2490 commod>
1913 2404 2045 2519 pbr
2059 2428 2327 2490 motum
2343 2409 2710 2515 definitur.

493 2571 598 2644 34.
644 2552 716 2620 si
735 2553 877 2642 quis
893 2572 1032 2619 non
1051 2549 1455 2625 obstantibus
1469 2557 1562 2625 eis
1581 2607 1602 2639 ,
1617 2579 1764 2651 quae
1781 2549 1994 2623 modo
2015 2552 2458 2622 demonstrata
2481 2548 2646 2632 sunt,
2666 2574 2817 2645 per-

393 2648 670 2719 tinacius
687 2647 913 2718 instare
926 2645 1085 2718 velit
1102 2699 1125 2732 ‚
1144 2644 1339 2747 frigus
1354 2636 1533 2748 poffe
1556 2658 1752 2722 eriam
1774 2647 2031 2719 definiri
2049 2700 2072 2733 ‚
2094 2646 2283 2742 quod,
2302 2644 2374 2714 fit
2394 2666 2642 2741 ιῃοτιιε,ἱ
2660 2643 2814 2716 cum

391 2750 615 2821 minor
633 2766 857 2820 motus
888 2769 942 2818 ae
994 2743 1076 2817 ιιὲ
1100 2770 1323 2819 motus
1359 2746 1672 2822 dicendus
1690 2773 1769 2821 ac
1790 2752 2043 2842 major,
2073 2750 2133 2814 ei
2151 2744 2416 2816 ulterius
2433 2740 2704 2814 obviam
2719 2747 2812 2813 iro

389 2847 728 2949 poffumus
761 2840 945 2920 fflten
997 2843 1217 2933 endo,
1254 2870 1394 2918 non
1428 2849 1612 2947 aeque
1651 2854 1719 2921 in
1761 2843 2026 2946 frigoris
2066 2869 2142 2915 ac
2162 2842 2396 2916 caloris
2419 2840 2807 2915 definitione

390 2971 614 3021 motus
628 2945 751 3021 effe
772 2949 1184 3019 mentionem
1206 2940 1573 3020 faciendam
1590 3001 1611 3035 ,
1633 2956 1701 3022 &
1719 2968 1993 3048 peccare
2021 2947 2459 3029 Comenium,
2478 2947 2592 3040 qui
2614 2939 2809 3014 diffe-

393 3053 668 3119 tentiam
704 3045 743 3119 εὶ
782 3044 980 3118 nobis
1009 3043 1391 3146 affignatam
1429 3046 1678 3148 insuper
1703 3045 2010 3119 habendo
2033 3045 2226 3116 aliam
2267 3040 2624 3120 substituit,
2667 3068 2810 3139 quae

387 3171 527 3218 non
545 3146 636 3217 est
648 3168 958 3246 perpetua
979 3197 1002 3231 ,
1036 3145 1228 3244 quod
1246 3142 1481 3220 scilicet
1500 3143 1756 3249 frigoris
1773 3147 1995 3220 motus
2014 3140 2363 3217 introrsum
2383 3197 2404 3231 ,
2430 3142 2576 3214 calo
2585 3145 2667 3215 ris
2685 3166 2805 3213 au-

389 3260 779 3318 tem'motus
820 3245 1047 3319 tendat
1078 3241 1448 3319 extrorsum.
1500 3252 1848 3347 Itanempe
1866 3241 2073 3345 ipsein
2100 3243 2231 3316 sola
2254 3243 2803 3315 determinatione

387 3341 491 3415 stu
526 3340 887 3418 di'refflone
917 3368 1140 3418 motus
1173 3342 1512 3429 discrimen
1535 3345 1769 3418 caloris
1805 3356 1874 3418 &
1909 3341 2384 3444 frigorisponit.
2439 3344 2588 3414 Nos
2602 3341 2809 3430 majus
2851 3390 2866 3393 v

387 3449 699 3546 ponimus
734 3443 848 3535 (id
872 3445 1059 3543 quod
1075 3443 1347 3518 observa
1369 3463 1601 3519 contra
1617 3443 2068 3542 objectionem
2133 3451 2362 3537 rimam
2386 3440 2482 3513 th.
2517 3468 2622 3531 31.
2647 3464 2812 3539 prae-

390 3568 489 3617 ter
509 3568 622 3629 ea,
656 3566 799 3640 quae
829 3550 961 3640 jam
1005 3544 1096 3615 th.
1121 3571 1207 3640 32
1231 3541 1575 3644 responsa)
1612 3550 1723 3644 qui
1748 3541 1932 3627 hasce
1953 3473 2291 3640 qualitates
2307 3536 2564 3629 differre
2590 3540 2807 3611 statui-

387 3668 535 3717 mus
553 3689 576 3725 ,
610 3668 733 3715 ceu
763 3650 1021 3715 motum
1043 3644 1425 3743 &quietem
1443 3699 1465 3730 ‚
1499 3671 1610 3718 aut
1635 3646 1810 3716 certe
1834 3669 2149 3741 tanquam
2167 3640 2566 3714 celeritatem
2585 3648 2655 3714 δε
2678 3634 2810 3712 t'ar-

393 3744 663 3819 ditatem
683 3772 701 3816 ε
735 3766 881 3839 quae
894 3740 1152 3816 tarditas
1169 3748 1397 3842 utique
1413 3770 1711 3818 naturam
1730 3747 1962 3842 quietis
1978 3747 2207 3842 pattici
2257 3764 2347 3813 at.

491 3870 590 3945 35.
654 3840 763 3918 Cl.
790 3844 1159 3918 Comenius
1198 3851 1268 3917 in
1301 3843 1543 3917 Dedic.
1582 3843 1665 3916 stc
1697 3846 2170 3940 ratiocinatur:
2259 3838 2460 3941 frigus
2478 3841 2569 3912 est
2588 3844 2769 3935 quies
2789 3885 2813 3918 ‚

344 3970 355 4063 θ’
395 3940 968 4048 quemadmodum
995 3943 1314 4036 scil-nos,
1349 3952 1919 4119 quosimpuglpaltgt,
1956 3944 2427 4025 existimamus,
2457 3934 2813 4097 οιςοηῖιιιὲιζ
2849 4018 2856 4027 ⁸
