3391 4418
977 137 1056 223 C
1130 164 1188 221 o
1261 166 1325 224 N
1400 164 1456 219 τ
1537 163 1595 221 n
1668 164 1726 222 a
1798 164 1858 225 c
1928 163 1993 226 τ
2061 164 2144 225 A.
2661 173 2765 253 37

353 251 547 325 rebus
563 252 864 322 omnium
887 256 1197 351 generum
1219 252 1330 322 fita
1345 252 1436 321 est
1456 296 1483 329 2
1516 254 1578 330 §.
1603 276 1633 346 3
1651 277 1687 339 9
1703 257 1768 324 8.
1782 246 1959 351 seqq.
1980 251 2209 351 utiqne
2221 252 2526 354 inprimis
2541 277 2760 330 terum

353 356 688 453 principiis
713 356 977 423 varietas
991 346 1366 446 hujusmodi
1394 349 1741 450 figurarum
1766 352 2147 424 contiderari
2168 351 2359 455 digna
2373 352 2494 426 est.
2791 416 2792 419 ,

456 462 623 543 496.
679 456 939 543 Quarto
974 474 1364 552 argumento
1408 450 1675 550 triplicis
1709 450 2019 525 elementi
2057 458 2343 525 materiae
2375 450 2575 525 nobis
2592 452 2755 530 illud

355 550 447 620 est
482 577 499 621 z
552 550 777 622 Unum
794 576 869 620 ex
889 547 1009 622 1llis
1025 546 1369 621 admiffum
1388 575 1615 623 caetera
1630 549 1771 622 duo
1791 548 2155 651 sequuntur.
2217 552 2226 559 ’

453 673 624 744 497.
673 650 848 719 Nam
864 647 907 720 fi
928 649 1290 748 spectentur
1307 650 1465 724 dum
1488 651 1693 734 fiunt,
1731 654 1979 725 constat
2010 679 2085 725 ex
2102 674 2252 724 ante
2273 650 2464 727 distis
2481 696 2505 732 ‚
2535 678 2620 725 ne
2671 678 2756 728 uc

336 747 655 819 elementi
683 752 880 848 primi
906 752 1245 820 materiam
1262 747 1501 849 absque
1525 757 1792 823 materia
1816 747 2077 824 secundi
2096 803 2118 836 ,
2168 776 2382 852 neque
2410 750 2589 825 illam
2621 679 2758 826 gie.

347 852 552 920 menti
569 850 736 922 tertii
756 845 993 946 absque
1020 872 1290 948 utraque
1303 848 1717 950 praecedente
1733 846 1901 924 nasta·
1915 849 2219 952 potuiffi.

439 953 609 1040 498.
656 952 730 1022 Si
767 946 1135 1049 spectentur
1171 948 1455 1044 postquam
1483 948 1651 1041 faita
1683 953 1825 1047 sunt
1851 1004 1876 1038 ,
1926 944 2345 1021 manifestum
2390 955 2588 1021 etiam
2620 952 2755 1031 est,

343 1073 557 1146 neque
575 1045 884 1150 globoias
898 1047 1130 1120 mundi
1141 1050 1492 1148 particulas
1507 1093 1531 1127 2
1581 1075 1800 1148 neque
1822 1046 2159 1151 angulosas
2185 1047 2347 1120 ullas
2373 1044 2611 1146 absque
2635 1055 2707 1121 iis
2728 1100 2780 1145 ,⁸

343 1172 485 1245 quae
506 1146 726 1220 modis
747 1147 1139 1246 quibussibet
1153 1149 1572 1220 inflectuntur
1589 1158 1659 1222 &
1686 1150 2068 1251 figurantur,
2081 1144 2262 1248 poffe
2278 1147 2563 1218 existere.

440 1272 613 1339 499.
663 1249 843 1319 Tum
862 1302 884 1333 ,
916 1253 1026 1343 qui
1047 1244 1280 1316 lucidis
1300 1245 1691 1342 corporibus
1719 1245 2055 1347 assignavit
2074 1245 2382 1316 elementi
2399 1247 2596 1342 primi
2620 1250 2765 1316 ma*—

344 1351 584 1415 teriam
598 1398 613 1422 ,
656 1351 753 1414 uti
769 1368 886 1441 par
906 1346 1021 1420 est.
1048 1367 1185 1415 non
1203 1343 1419 1442 potest
1441 1366 1579 1416 non
1598 1343 1776 1416 coelo
1788 1342 2128 1441 perspicuo
2142 1340 2427 1425 secundi,
2450 1350 2516 1416 δι
2536 1346 2762 1440 opacis

348 1446 523 1511 tertii
560 1437 867 1511 elementi
890 1446 1225 1510 materiam
1259 1441 1586 1536 affignare.

466 1563 627 1630 500.
679 1544 1015 1639 Qntum
1048 1561 1500 1636 argumentum
1531 1537 1662 1625 est,
1715 1535 1904 1637 quod
1932 1538 1986 1613 is
2021 1543 2132 1639 qui
2164 1556 2361 1610 unam
2377 1534 2666 1640 agnoscit
2683 1562 2762 1613 ex

358 1632 564 1706 tribus
580 1634 699 1709 illis
710 1634 1223 1736 proprietatibus
1234 1689 1257 1722 ,
1288 1661 1448 1735 quas
1466 1642 1700 1734 cuique
1713 1635 2047 1711 elemento
2065 1636 2469 1712 attribuimus
2485 1684 2510 1716 ‚
2554 1665 2761 1740 coga-

353 1756 459 1823 tur
477 1739 673 1825 etiam
708 1734 870 1807 duas
884 1733 1227 1834 agnoscere
1243 1738 1549 1833 reliquas:
1579 1764 1639 1809 v.
1657 1761 1725 1837 g.
1795 1741 1898 1808 uia
1919 1736 2224 1809 elementi
2251 1742 2447 1837 primi
2480 1745 2757 1812 materia

335 1836 607 1932 quaslibet
626 1833 799 1930 potest
830 1857 1061 1927 rectpere
1080 1834 1290 1931 figurae
1312 1891 1331 1918 ,
1369 1833 1453 1908 ad
1477 1761 1932 1910 minutiflimos
1949 1832 2195 1935 ubique
2229 1836 2501 1935 angulos
2516 1844 2754 1936 quovis

335 1958 688 2008 momento
708 1938 993 2006 omnino
1006 1932 1354 2038 replendos
1375 1989 1404 2021 ,
1428 1930 1753 2007 neceffum
1772 1961 2041 2034 quoque
2061 1937 2152 2006 est
2177 1958 2247 2005 ut
2268 1955 2566 2008 moveatur
2583 1940 2754 2009 celer-

322 2033 517 2120 rimi,
549 2058 741 2132 atque
779 2038 841 2103 in
857 2035 1141 2127 infinitum
1159 2036 1471 2107 dividatur.
1522 2037 1593 2106 Si
1611 2037 1879 2107 tertium
1900 2035 2301 2108 elementum
2331 2034 2626 2131 angulosa
2640 2039 2754 2108 ba·

325 2132 632 2228 betfigum
655 2188 673 2217 ,
702 2136 932 2204 tardius
969 2134 1306 2208 movebitur.
1323 2134 1385 2235 §.
1405 2161 1491 2232 30
1505 2158 1571 2229 5.

433 2258 517 2325 5o
537 2261 593 2308 t.
643 2236 896 2305 Tantus
930 2237 1230 2304 omnium
1254 2242 1326 2306 &
1349 2232 1751 2334 [iugulorum
1773 2259 2171 2322 concentus,
2199 2228 2632 2333 numerusque
2667 2240 2745 2308 δε

324 2331 504 2402 ordo
529 2356 659 2402 tam
680 2331 952 2431 pulcher
982 2339 1055 2403 δε
1088 2332 1512 2405 immutabilis
1526 2332 1752 2407 locum
1776 2340 1843 2406 in
1861 2336 1907 2408 fi
2023 2342 2188 2408 entis
2208 2332 2449 2406 habere
2467 2333 2697 2432 nequit
2716 2386 2745 2421 ‚

333 2426 529 2500 sedin
551 2435 625 2501 iis
645 2432 952 2505 duntaxat
970 2484 991 2516 ‚
1025 2457 1169 2528 quae
1180 2458 1403 2507 revera
1415 2428 1917 2507 fundamentum
2023 2434 2186 2508 bent
2204 2440 2272 2507 in
2288 2435 2609 2532 natuta.§.
2633 2461 2658 2505 1
2677 2444 2746 2507 6.

343 2554 457 2600 20.
490 2554 567 2620 41
586 2556 653 2618 9.

445 2654 609 2721 502.
660 2635 831 2727 Q
852 2626 1292 2702 consideratio⁴
1318 2636 1630 2703 attentior
1655 2658 1795 2705 non
1822 2633 2038 2706 modo
2060 2636 2295 2704 cunsta
2313 2629 2744 2730 praecedentia

330 2726 636 2811 roborat,
670 2727 781 2799 fied
796 2734 995 2800 etiam
1017 2726 1258 2800 sextum
1278 2728 1473 2802 nobis
1487 2736 1655 2829 parit
1675 2755 2176 2831 argumentum:
2206 2734 2542 2809 nimirum,
2560 2725 2748 2826 quod

327 2825 417 2898 ad
438 2826 794 2911 elementa,
832 2854 977 2926 qua:
990 2824 1359 2928 posuimus,
1401 2832 1879 2915 enumeranda,
1914 2827 2359 2930 distinguenda
2379 2883 2402 2914 ‚
2436 2825 2746 2902 ordinan-

330 2925 417 2997 da
435 2952 572 2999 non
596 2924 673 2999 fit
691 2954 860 3028 opus
878 2926 1033 2998 ullas
1050 2928 1202 2999 alias
1217 2926 1623 3001 comminisci
1640 2925 1885 3001 formas
1903 2951 2135 3030 praeter
2158 2929 2302 3002 illas
2326 2924 2522 3030 ipsas,
2578 2953 2743 3027 qua-

325 3052 474 3099 rum
495 3052 803 3126 capacem
839 3026 963 3098 effi:
996 3032 1332 3099 materiam
1355 3025 1671 3100 extensam
1693 3072 1715 3108 ‚
1756 3038 1826 3102 &
1865 3028 2040 3103 unde
2076 3054 2349 3103 ornnem
2381 3052 2740 3127 corporum

325 3130 490 3198 oriri
509 3134 884 3200 varietatem
899 3134 1033 3222 jam
1053 3133 1118 3197 in
1137 3132 1456 3227 principio
1472 3127 1845 3202 docuimus.
1862 3136 1901 3208 5
1911 3182 1927 3202 .
1952 3155 2036 3221 59
2048 3181 2065 3200 .
2087 3128 2265 3239 seqq.

440 3252 601 3320 503.
654 3229 803 3298 Nec
820 3223 965 3299 sane
993 3221 1234 3300 formas
1256 3223 1572 3323 ejusmodi
1592 3236 1661 3300 in
1681 3226 1875 3299 rebus
1892 3227 2032 3298 dari
2053 3272 2074 3304 ‚
2111 3236 2179 3297 &
2201 3223 2494 3326 lingulati
2518 3222 2741 3298 natur&

319 3322 643 3398 affinitate
665 3324 902 3398 interse
928 3333 994 3398 ἃ
1015 3350 1167 3400 cum
1186 3333 1456 3400 materia
1470 3327 1786 3402 devinciri
1803 3369 1825 3403 2
1865 3324 2033 3397 ullus
2052 3348 2339 3423 unquam
2361 3331 2429 3397 in
2459 3317 2740 3396 dubium

316 3450 682 3500 revocavit.
1669 3499 1720 3520 ,ἱ

439 3552 604 3619 504.
647 3531 929 3625 Septima
947 3579 973 3613 ,
1009 3535 1079 3600 &
1097 3523 1227 3626 ipsa
1248 3524 1522 3625 quidem
1543 3523 1742 3625 longe
1764 3521 2141 3598 validiffima
2158 3580 2180 3613 ‚
2214 3531 2410 3599 trium
2441 3521 2731 3600 elemen-

318 3651 554 3701 torum
582 3624 1047 3699 demonstratio
1071 3627 1108 3698 εὶ
1132 3628 1472 3725 posteriori
1500 3620 1847 3724 speikanda
1888 3634 1956 3698 δε
1994 3623 2397 3723 expectanda
2421 3622 2512 3691 est
2545 3623 2614 3690 in
2638 3613 2735 3691 se-

316 3721 683 3827 quentibus
704 3777 726 3810 ,
754 3723 866 3796 ubi
884 3724 1264 3797 admiranda
1278 3750 1518 3797 naturae
1540 3735 1829 3822 operar&
1846 3748 2070 3796 arcana
2093 3722 2369 3819 plurima
2384 3721 2545 3793 nulli
2567 3718 2733 3790 olim

371 3821 876 3924 hilosophotum
898 3869 920 3906 ,
950 3831 1132 3913 cujus
1149 3822 1419 3921 quidem
1441 3824 1527 3896 ad
1547 3851 1668 3895 nos
1691 3820 1920 3921 scripta
1938 3820 2341 3904 devenerint,
2376 3816 2733 3935 perspeGka‚

317 3956 362 4004 c
391 3921 821 4030 &perietibus
833 3928 1166 4028 principiis
1188 3922 1418 3998 ordine
1443 3919 2029 4123 dedgicgpetspicue
2046 3919 2743 4110 deprehensdgtpushoc
