3391 4418
1023 132 2181 237 Con’Junc1-1m
2641 159 2815 250 395

357 269 653 347 quentes
690 245 893 323 animi
910 250 1369 349 perceptiones
1388 298 1411 335 ‚
1449 246 1623 318 inter
1643 243 2015 325 voluntates
2035 257 2107 323 &
2126 249 2485 349 imperatos
2506 260 2810 351 corporis

359 372 594 427 motus
614 355 830 426 nauum
847 367 1052 443 tempus
1069 348 1396 419 intercurrit
1414 371 1436 417 .·
2791 410 2795 417 ,

369 492 408 507 ··
457 479 532 526 22.
586 459 746 526 Hoc
766 449 921 541 volo
941 444 1548 549 ‚quemadmodum
1564 472 1673 521 non
1685 451 2193 524 animadvertimus
2207 449 2410 527 ullum
2431 449 2801 551 subjeetum

361 547 553 633 dati,
598 551 787 653 quod
826 556 892 621 in
925 552 1212 622 animam
1245 548 1533 622 nostram
1567 573 1718 651 agat
1757 557 1972 651 magis⁴
1990 551 2374 627 immediate
2407 553 2606 653 quam
2645 582 2798 629 cot-

355 677 521 753 puS,
559 661 657 725 cui
683 654 909 752 juncta
929 651 1057 722 est:
1102 657 1192 722 ita
1213 672 1324 719 non
1331 653 1659 744 percipimus
1694 656 1893 742 (narn
1919 649 2270 726 secundnm
2290 658 2788 755 perceptionem

354 764 432 829 δι’
454 758 911 851 experientiam
932 803 955 836 ‚
991 776 1133 848 quae
1152 756 1220 820 in
1240 746 1720 849 nobismetipsis
1745 752 1836 823 est
1856 751 2223 835 manifesta,
2266 754 2406 829 haec
2425 754 2794 829 merito'di-
2852 767 2861 776 ‘

347 852 727 954 judicantur
747 897 771 934 ‚
809 875 885 921 ex
919 875 992 921 ca
1046 903 1064 922 .
1099 855 1338 944 1L4.)
1362 856 1532 921 inter
1564 855 1746 922 astus
1777 860 2079 952 corporis
2107 860 2436 955 animique
2469 900 2493 938 ‚
2545 855 2791 956 quibus

343 946 850 1057 corij‘unguntur
869 1001 890 1029 ,
930 947 997 1019 ul
1024 974 1127 1020 am
1150 953 1483 1048 interponi
1505 976 1798 1023 moram:
2215 1014 2218 1019 .

296 1057 307 1069 ’
450 1084 482 1152 3
506 1108 526 1128 .
582 1047 988 1127 Dummodo
1005 1073 1188 1121 mens
1204 1073 1449 1121 attenta
1466 1057 1731 1149 corpori
1748 1049 2191 1151 sano-praesens
2204 1054 2449 1126 existat:
2467 1080 2609 1151 quae
2623 1062 2790 1130 cona*

340 1155 662 1229 sideratio
687 1159 752 1223 in
776 1149 913 1220 aliis
939 1149 1022 1221 ad
1054 1148 1602 1247 conjunctionem
1625 1149 1806 1222 illam
1824 1204 1848 1238 ,
1884 1152 1969 1224 de
1988 1177 2116 1252 qua
2133 1148 2426 1251 agimus,
2453 1162 2789 1252 pertinen-

341 1256 535 1331 tibus
560 1248 1040 1355 pariterlocum
1063 1255 1333 1322 invenit,
1366 1308 1383 1326 Α.

444 1380 525 1450 4.
575 1357 780 1425 Sicuti
813 1357 987 1423 enim
1023 1352 1336 1423 Hominis
1369 1347 1668 1424 definitio
1709 1353 1747 1425 a
1783 1349 2190 1451 perfectione
2224 1360 2362 1449 ejus
2385 1356 2663 1453 petitu13
2693 1354 2786 1425 it-

347 1454 501 1527 haec
524 1503 543 1532 ‚
582 1452 666 1524 de
689 1478 819 1550 qua
840 1448 1181 1551 loquimur
1201 1500 1224 1534 ‚
1250 1450 1651 1547 compositio
1677 1438 2031 1523 steundnm
2050 1452 2281 1521 statum
2306 1455 2621 1524 Hominis
2634 1475 2789 1550 per·

347 1550 607 1626 fectum
629 1549 1054 1623 describenda
1073 1607 1094 1637 ‚
1127 1574 1266 1620 non
1284 1550 1319 1620 ὲ
1346 1558 1573 1621 natura
1598 1548 1946 1622 deficiente
1969 1551 2297 1622 metienda
2313 1555 2427 1625 est.

459 1675 526 1747 5.
578 1651 788 1725 Simul
810 1677 880 1722 ei·
927 1679 969 1724 o
1001 1678 1078 1724 ac
1110 1674 1346 1727 netvus
1382 1656 1642 1751 opticus
1660 1646 1976 1736 afficitur,
2017 1654 2235 1720 anima
2254 1656 2565 1751 percipit:
2597 1649 2789 1726 simul

357 1779 439 1825 ac
484 1750 785 1825 voluntas
813 1679 1045 1848 juin,
1097 1776 1215 1851 pes
1248 1747 1415 1821 bene
1448 1748 1787 1852 dispositus
1818 1774 2162 1835 movetur,
2201 1748 2424 1852 lingua
2459 1749 2786 1848 loquitur:

353 1851 756 1952 simulatque
779 1857 947 1925 auris
965 1851 1000 1924 εὶ
1026 1847 1893 1925 sono-verborummovetur.
1904 1905 1926 1940 ,
1946 1856 2197 1923 animus
2216 1851 2553 1923 attendens
2570 1857 2641 1926 δε
2655 1845 2784 1921 set-

352 1955 588 2026 monis
593 1977 832 2055 gnarus
854 1951 1174 2052 quidnam
1197 1948 1447 2025 dicatur
1465 1951 1811 2053 intelligit..

460 2064 524 2125 6.
581 2042 982 2154 Hujufinodi
1027 2049 1459 2126 consideratio
1493 2079 1633 2126 non
1665 2048 2008 2124 videbatur
2042 2049 2177 2124 hoc
2206 2050 2362 2124 I'oco
2396 2055 2791 2152 praefinit-³

349 2151 553 2227 tenda
575 2207 598 2242 ‚
630 2160 948 2255 quoniam
982 2159 1226 2252 corpus
1260 2162 1327 2225 &
1362 2158 1581 2225 anima
1616 2180 1754 2226 non
1783 2180 1897 2253 per
1937 2150 2228 2226 essentias
2262 2149 2623 2230 absolutas,
2668 2148 2781 2225 sed

342 2249 876 2353 pet‘astiones'&
901 2252 1230 2349 pastiones
1251 2249 1630 2347 respedkivas
1657 2261 2177 2352 conjunguntur.
2222 2258 2540 2327 Actiones
2557 2276 2779 2344 autem

321 2362 414 2423 ·&
436 2350 780 2449 paffiones
809 2352 1045 2440 tempori
1072 2345 1442 2440 subjacent..
2612 2405 2616 2408 Α

432 2470 524 2543 7.
574 2446 772 2518 Adeo
806 2469 878 2516 ut
907 2470 1144 2545 corpus
1182 2449 1410 2516 animae
1442 2471 1518 2518 ac
1539 2448 1804 2519 viciffim
1830 2453 2042 2520 anima
2066 2457 2331 2550 corpori
2354 2451 2497 2524 satis
2511 2447 2785 2549 praesens

326 2540 476 2616 esse
507 2571 646 2616 non
677 2544 972 2617 videatur
992 2594 1015 2627 ,
1048 2541 1161 2614 nifi
1190 2549 1481 2616 actiones
1517 2545 1638 2615 illoe
1655 2546 2105 2643 passionesque
2132 2571 2410 2626 mutim,
2450 2555 2518 2615 in
2544 2549 2779 2643 quibus

315 2644 492 2717 haec
529 2641 855 2746 piaesentia
885 2640 1209 2727 confistir,
1243 2651 1538 2741 tem‘pore
1567 2641 1755 2712 fimul
1772 2665 2132 2741 ponantur.
2180 2647 2570 2739 Ecquaenam
2595 2651 2773 2730 enim

323 2743 433 2818 hic
486 2746 789 2842 praestntia·
808 2746 930 2815 erit
945 2796 980 2828 ,.
1000 2740 1048 2812 fi
1078 2737 1288 2814 futura
1316 2739 1570 2813 tantum
1587 2746 1919 2840 praeteritis
1937 2737 2412 2839 respondeant?
2748 2799 2755 2802 .

425 2853 517 2920 8.
573 2850 851 2944 Loquor
882 2864 1101 2916 autem
1139 2840 1230 2913 de
1263 2847 1578 2943 temporis
1596 2840 1829 2913 ordine
1862 2839 2211 2918 duntaxat,
2251 2868 2389 2914 non
2419 2844 2502 2918 de
2522 2868 2768 2919 naturae

323 2946 430 3020 vel
469 2946 822 3056 dignitatis.
860 2946 1021 3015 Hoc
1044 2947 1218 3013 enim
1242 2944 1584 3042 posteriori
1613 2939 1911 3043 respecha
1926 2991 1950 3027 ,
1978 2944 2140 3039 quin
2157 2966 2349 3043 agere
2365 2953 2540 3046 prius
2555 2956 2628 3021 δε
2646 2970 2775 3016 no-

335 3045 539 3120 biiius
555 3046 636 3119 fit
652 3046 854 3144 quim
873 3045 1054 3146 pati,
1088 3069 1289 3116 nemo
1307 3040 1584 3117 dubitet.

449 3173 519 3235 9.
569 3147 794 3221 Simile
823 3148 1204 3219 occurrit-in
1227 3142 1418 3219 rebus
1432 3142 1740 3244 physicis,
1773 3142 1886 3218 ubi
1907 3146 2171 3244 quoties
2202 3171 2440 3247 corpus
2459 3171 2663 3222 unum
2692 3152 2764 3221 in

335 3245 809 3322 alindmotum
832 3241 1172 3328 transfert,
1187 3250 1355 3320 inter
1374 3269 1633 3317 motum
1648 3246 1793 3338 ejus
1812 3246 2003 3343 quod
2016 3241 2280 3319 confert
2300 3273 2446 3318 eum
2465 3292 2488 3329 ,
2513 3257 2586 3321 δε
2614 3274 2767 3321 mo-

349 3372 494 3422 tum
531 3355 709 3444 ejus,
748 3352 854 3418 cui
891 3341 1272 3424 confertur,
1308 3344 1558 3418 nullum
1580 3352 1898 3443 temporis
1923 3345 2331 3419 intervallum
2358 3350 2766 3444 interjicitur,

345 3455 519 3538 Haec
541 3471 813 3544 quoque
833 3445 956 3517 alia
977 3445 1062 3520 de
1083 3445 1453 3519 causa-inter
1471 3441 1594 3515 sese
1618 3446 2015 3517 contulimus
2031 3471 2173 3547 cap.
2198 3453 2387 3523 XIV.
2403 3453 2483 3517 Π.

445 3575 560 3623 10.
611 3545 732 3616 Iste
767 3552 1060 3645 corporis
1090 3551 1424 3645 animique
1460 3540 1876 3628 functionum
1894 3546 2142 3617 ‘eodem
2167 3570 2466 3645 ternpore
2485 3567 2764 3616 concut-

333 3649 462 3724 sus‘
480 3670 620 3720 non
651 3645 978 3745 postrema
1000 3645 1183 3717 causa
1200 3648 1291 3717 est
1311 3699 1332 3729 ‚
1377 3671 1490 3716 cur
1513 3643 1684 3715 adeo
1709 3643 2059 3716 difficulter
2080 3647 2117 3717 ὲ
2139 3643 2335 3715 nobis
2357 3641 2627 3716 discerni
2651 3671 2761 3717 va-

330 3750 548 3824 leant.
600 3748 727 3816 Hae
747 3768 1033 3843 namque
1058 3767 1271 3816 rernm
1300 3742 1861 3818 diversiffimarum
1883 3749 2299 3844 operationes
2322 3767 2452 3817 tam
2470 3772 2593 3845 pro
2642 3773 2679 3816 c
2702 3744 2785 3816 se'

314 3857 440 3926 inv
462 3857 637 3922 icem
671 3846 998 3945 excipiunt
1028 3868 1223 3944 atque
1257 3840 1676 3944 insequuntur
1697 3898 1719 3930 ‚
1755 3868 1825 3914 nt
1853 3869 1980 3942 pro
2000 3867 2129 3916 una
2148 3853 2216 3916 δε
2235 3845 2464 3917 eadem
2487 3846 2529 3915 a
2551 3774 2769 3946 pferiss

335 3979 482 4054 que
498 3943 879 4034 mortalium
893 3942 1262 4028 habeantur
1281 3952 1350 4026 ὃ(
1376 3942 1664 4051 fimplice
1679 3944 2587 4122 unqzomineinfigniantur..
2655 4037 2706 4107 Ε
2768 4033 2776 4043 ⁸

337 4052 350 4114 J
403 4057 416 4066 ”
449 4095 456 4104 -
1374 4063 1385 4072 “
1689 4049 1758 4127 D
1957 4075 2017 4148 3
2526 4067 2554 4117 1
2577 4064 2640 4127 1?
2708 4054 2774 4106 Σο
2794 4086 2809 4095 ·
