3391 4418
566 153 677 235 60
1242 129 1502 217 -Pffln
1627 155 1997 221 tar
2118 138 2448 217 c·A'·
2947 224 2956 230 ,

559 256 851 335 tollitur·
887 254 963 323 in·
1008 244 1238 347 altum.
1283 284 1333 330 ,·
1382 268 1799 344 pergeremus
1864 240 2283 334 ascendere,
2319 278 2324 281 ’
2360 272 2485 321 nec
2527 246 3023 325 sdestendete-·

567 385 735 434 mus.
772 356 833 455 §.
848 380 891 452 2¹
914 378 941 446 5
960 377 1024 421 2.
1702 384 1712 419 :
2069 350 2074 355 ’
3019 402 3022 409 .

673 464 837 532 811.
902 452 1045 544 Qi
1087 446 1470 544 gravitatem
1505 441 1899 544 corporibus
1936 442 2340 541 terrestribus
2382 451 2672 524 innatam
2703 450 3020 552 -qualitam
3085 518 3090 521 ,

575 583 713 632 tem
728 549 849 624 esse
870 570 1123 650 putant.
1140 569 1274 641 qua
1297 537 1585 615 ferantur
1600 544 1684 617 ad
1709 568 1952 616 terram
1976 542 2079 615 vel
2104 570 2250 615 eam
2271 573 2585 647 appetant
2601 604 2622 636 ,

676 662 827 730 812.
880 656 1069 724 Item,
1093 649 1209 741 qui
1231 667 1484 742 guttam
1498 642 1637 715 fieri
1658 641 2008 747 globosam
2036 645 2418 734 existimant,
2435 675 2505 722 ut
2520 649 2604 721 ab
2625 659 2769 724 a'e're
2786 651 3006 726 aliove·

579 756 914 828 contrario
940 744 995 816 se
1026 767 1307 816 tueatur.

677 860 829 942 813.
879 845 978 919 llli
1013 841 1207 917 rebus
1236 839 1414 914 mere
1437 844 1777 940 corporeis
1816 839 2221 916 intellestum
2259 853 2333 919 &
2363 847 2780 921 voluntatem
2811 846 3026 921 affin--

572 974 768 1065 gunt,
792 969 1022 1020 contra
1046 948 1103 1022 §.
1136 971 1171 1015 2
1189 969 1214 1033 3
1231 996 1247 1014 .
1273 969 1300 1013 1
1316 954 1428 1013 60.
1491 965 1601 1012 aut
1618 942 1794 1014 certe
1816 949 2012 1014 tertio
2035 942 2367 1035 elemento
2390 973 2468 1020 ea
2497 945 2828 1036 tribuunt,
2866 974 3011 1046 quae

583 1066 727 1126 lunt
746 1051 939 1149 primi
963 1054 1031 1117 δ(
1052 1039 1311 1114 secundi
1334 1087 1354 1120 ,
1375 1043 1683 1141 contra§.
1704 1049 1791 1139 78
1810 1069 1871 1133 5.
1886 1040 2013 1139 seq.

689 1158 840 1240 814.
890 1150 1197 1242 Denique
1240 1139 1503 1225 caelestia
1534 1143 1763 1215 luminis
1814 1148 2186 1216 interventu
2229 1148 2474 1218 calorem
2512 1150 2578 1218 in
2616 1142 3013 1220 terrestribus

587 1252 1135 1442 Prfflssfulmclrst,
1175 1342 1411 1443 preffio
1446 1338 1877 1442 globulorum
1914 1291 2070 1415 licet
2090 1337 2446 1415 secundum
2480 1342 2678 1417 lineas
2710 1346 2944 1429 redzas,
2968 1344 3013 1416 ἑ

590 1452 745 1527 Sole
768 1454 842 1520 in
865 1471 1101 1519 terram
1122 1439 1435 1525 extenssS,
1456 1468 1875 1543 propagetur.
1909 1446 1970 1545 §.
1998 1469 2026 1536 5
2045 1469 2159 1533 24.

691 1557 870 1623 816.·
901 1549 1067 1619 Non
1093 1569 1313 1615 tamen
1348 1544 1676 1637 aequaliter
1705 1542 2035 1642 particulis
2062 1544 2244 1641 tertii,
2267 1538 2575 1612 elementi
2611 1541 3024 1641 applicatur„

592 1647 688 1723 ob
708 1646 944 1739 >harum
964 1642 1299 1716 intervalla
1328 1650 1394 1712 &
1427 1640 1660 1740 figuras
1697 1642 2143 1725 inordinatas,
2180 1665 2291 1729 aut
2315 1647 2510 1711 etiam
2539 1653 2860 1740 majorem
2882 1647 3017 1713 mi·

595 1770 910 1821 noremve
938 1742 972 1812 Ξι
1003 1740 1334 1841 superficie
1356 1736 1464 1807 illa
1479 1748 1743 1826 extima,
1768 1741 1853 1811 ad
1890 1766 2094 1838 quam
2129 1738 2292 1811 radii
2315 1740 2605 1840 primum
2641 1743 3013 1843 appellunt,

593 1849 985 1922 distantiam.
1082 1872 1091 1878 ’

696 1953 736 2021 8
758 1975 779 2017 1
795 1973 863 2042 7.
900 1940 1114 2015 Unde
1136 1936 1307 2012 varia
1328 1940 1396 2013 in
1422 1936 1817 2012 terrestribus
1846 1941 2145 2038 agitatio.
2163 1940 2224 2037 §.
2248 1960 2323 2032 25
2343 1965 2371 2028 3
2389 1991 2403 2009 .
2438 1965 2638 2046 quarn
2661 1945 2884 2014 caloris
2896 1968 3020 2015 vo·

600 2045 843 2118 cabulo
869 2041 1036 2111 iniis
1060 2037 1383 2138 designare
1403 2033 1577 2107 licet.
1676 2104 1679 2107 .
1875 2070 1880 2075 ·
2305 2041 2312 2047 ’
2921 2062 2924 2067 ⁴

682 2136 685 2139 “
1410 2133 1427 2149 ἱ

706 2148 868 2215 818.
928 2134 1315 2218 Praesertim,
1361 2157 1514 2205 cum
1547 2135 1638 2208 est
1669 2142 1886 2235 major
1911 2131 2107 2208 solito
2144 2162 2221 2208 ac
2264 2135 2505 2212 sensum
2547 2145 2757 2215 radius
2789 2138 3019 2221 afficit.

606 2249 670 2324 §.
696 2244 878 2340 '414
1805 2331 1810 2332 ἶ
2771 2301 2776 2307 .

709 2355 743 2413 8
766 2370 789 2412 1
806 2367 874 2430 9.
927 2341 1167 2436 Neque
1193 2337 1576 2410 mirabimur
1598 2336 1954 2436 quomodo
1974 2338 2008 2409 a
2027 2362 2221 2410 motu
2244 2344 2427 2411 rea-0
2464 2338 2549 2431 de
2599 2339 2839 2413 endeat
2869 2367 3028 2413 mo·.

605 2470 708 2519 tus
726 2445 939 2516 varius
959 2492 979 2526 ,
1015 2441 1167 2510 cum
1234 2437 1429 2511 lobos
1460 2439 1499 2511 ὲ
1536 2445 1638 2512 via
1669 2442 1850 2512 tedia
1866 2437 2252 2513 deturbatos
2270 2440 2514 2513 multos
2533 2366 2690 2542 (Empe
2714 2469 2906 2542 gyros
2925 2439 3023 2513 fa-

603 2569 749 2618 cere
782 2539 1137 2617 videamiis.
1219 2591 1233 2606 .
1258 2565 1421 2630 299.
1819 2601 1822 2606 .
1871 2598 1878 2607 .
2473 2567 2480 2572 ·
2541 2567 2552 2574 ’

709 2651 873 2717 820.
938 2647 1157 2742 Atque
1178 2649 1269 2711 ita
1302 2638 1560 2713 sublato
1575 2637 1846 2737 lumine,
1864 2640 1934 2712 id
1951 2641 2063 2723 est,
2091 2642 2412 2740 preffione
2432 2638 2868 2744 globulorum
2903 2661 3026 2710 εκ-

601 2745 851 2819 lestium
876 2745 1211 2817 rectilinea
1233 2795 1253 2827 ‚
1285 2744 1492 2829 calor,
1512 2740 1579 2812 id
1596 2741 1712 2826 est,
1734 2748 2000 2845 agitatio
2026 2744 2409 2814 terrestrium
2429 2741 2893 2845 particularum
2913 2761 3025 2809 va-

605 2853 723 2920 ria,
747 2842 1141 2940 perseverare
1164 2845 1379 2938 potest
1410 2851 1480 2914 &
1511 2837 1694 2912 solet.
1797 2869 1802 2874 ²

709 2949 869 3010 821.
914 2944 997 3009 Et
1014 2942 1311 3034 quamvis
1342 2939 1565 3006 lumen
1587 2945 1651 3007 in
1684 2964 1892 3037 opaca
1923 2938 2254 3039 superficie
2287 2938 2593 3025 subsistat,
2611 2937 2790 3011 calor
2805 2961 3028 3050 tamen

607 3038 694 3114 ad
732 3033 1167 3138 profundiora
1212 3036 1428 3105 Terrae
1461 3059 1775 3128 penetrat.

707 3145 793 3211 82
811 3166 870 3208 2.
1006 3131 1525 3206 uemadmodum
1549 3131 1993 3228 intercedente
2015 3137 2195 3235 pileo
2213 3133 2353 3209 satis
2377 3138 2512 3210 alto
2536 3163 2731 3238 caput
2749 3134 3024 3237 quidem

611 3235 648 3308 ἃ
684 3237 879 3306 radiis
918 3241 1006 3305 So
1042 3262 1090 3304 ns
1125 3261 1258 3305 non
1296 3234 1694 3307 illuminatur
1716 3278 1738 3312 ,
1779 3256 2068 3305 attamen
2092 3236 2349 3324 calefit,
2390 3247 2460 3309 &
2493 3240 2782 3316 calidum
2804 3259 3029 3310 manet

613 3341 815 3409 etiam
839 3335 989 3404 cum
1005 3334 1185 3429 Solig
1199 3334 1392 3407 radiis
1422 3337 1558 3406 non
1588 3331 1867 3434 amplius
1885 3345 2254 3434 exponitur.

710 3441 799 3510 82
820 3462 878 3526 3.
936 3440 1134 3504 Vario
1166 3432 1284 3502 illo
1319 3438 1603 3533 partium
1638 3459 1834 3507 motu
1866 3460 2149 3535 corpora
2179 3434 2563 3536 plerumque
2592 3440 2865 3535 rarefttm
2895 3491 2918 3525 ,
2956 3459 3031 3509 ut

490 3587 512 3621 η,
611 3559 779 3633 aqua
796 3536 1043 3606 damin
1061 3557 1333 3631 vapores
1356 3532 1718 3608 resolvitur.
1752 3537 1813 3635 §.
1836 3543 1994 3611 801.
2449 3617 2450 3620 Ἴ

717 3641 754 3706 8
773 3660 882 3730 24.
936 3637 1377 3731 Qandoque
1419 3657 1637 3705 tamen
1667 3635 2099 3735 condensantur,
2120 3642 2346 3712 uti-nix
2377 3641 2521 3711 aifre
2537 3636 2848 3712 calidiore
2883 3633 3035 3710 sub-

617 3728 763 3806 fidit
781 3744 844 3809 δι
868 3721 1056 3805 facile
1089 3739 1565 3838 comprirnitur.
1589 3740 1652 3816 9.
1684 3760 1713 3821 3
1738 3762 1758 3806 1
1771 3763 1843 3829 9.

2391 3930 2774 4022 XXIII.
2839 3948 3026 4020 Pars

2361 4121 2399 4172 θ’
