3391 4418
395 270 398 273 Ι
1042 162 2192 265 ConJuNcr‘r'o.
2676 166 2841 281 '377

508 286 584 361 6.
632 286 733 356 Ita
761 301 1034 379 quoque
1067 276 1303 347 mentis
1333 282 1407 347 δε
1438 277 1738 375 corporis
1771 274 2227 352 diffimilitudo
2265 305 2402 355 non
2442 284 2724 382 patitur,
2766 308 2841 360 ut

412 409 601 459 mens
630 381 809 457 idem
825 376 989 452 illud
1009 379 1276 477 corpori
1296 376 1550 476 ptaestet
1567 420 1588 456 ‚
1626 376 1817 475 quod
1839 404 2080 481 corpus
2104 385 2356 469 menti,
2380 382 2485 454 vel
2505 379 2700 455 altera
2718 382 2833 456 ha-

407 512 559 561 rum
590 486 873 587 partium
908 479 1090 552 alteri
1115 477 1243 550 tale
1271 475 1435 576 quid
1452 475 1690 550 reddat
1714 477 1908 575 qu'ale
1935 485 2195 582 accipit.
2252 480 2615 555 Neceffitas
2630 507 2829 583 atque

405 587 654 662 utilitas
691 589 835 660 vitae
853 634 874 666 ,
909 604 1050 654 tum
1071 585 1218 674 ejus
1235 603 1433 677 quam
1458 585 1618 652 vivit
1634 605 1875 681 corpus
1892 635 1915 670 ,
1950 604 2089 657 tum
2110 592 2246 682 ejus
2267 608 2471 683 quam
2489 607 2708 658 totum
2730 590 2828 659 vi..

402 693 503 764 vit
531 680 970 787 compositum
987 735 1011 769 ,
1048 677 1225 752 aliud
1249 678 1555 782 postulat.
2246 688 2253 702 ‘
2816 677 2825 685 ’

496 812 570 887 7.
618 789 862 886 Neque
902 806 1127 856 tamen
1166 780 1251 852 eo
1290 780 1504 855 minus
1533 782 1712 855 arcta
1750 781 1842 854 est
1873 790 2193 858 mentis&
2215 790 2514 888 corporis
2536 792 2820 884 conjun-

398 892 558 964 ἂίο.
616 889 820 977 Certe
856 887 1125 981 enimin
1159 881 1533 984 republica,
1570 880 1687 956 ubi
1708 884 1833 958 alia
1849 912 1977 988 pro
1994 886 2129 958 aliis
2148 888 2549 972 redduntur,
2590 887 2816 959 honor

386 1017 515 1093 pro
536 993 820 1073 meritiS,
851 1007 1102 1057 merces
1128 1002 1254 1080 pro
1284 981 1549 1070 labore,
1576 991 1764 1087 panis
1793 1012 1922 1086 pro
1946 1012 2223 1060 nummo
2243 1042 2266 1074 ,
2305 985 2651 1061 famulatio
2680 1014 2810 1087 pro

386 1095 566 1165 vidtu
605 1096 678 1164 δε
717 1088 1004 1165 amictu,
1045 1082 1249 1182 longe
1283 1090 1487 1181 magis
1519 1082 1730 1160 homo
1766 1084 2021 1159 homini
2041 1086 2285 1160 obstrin
2338 1094 2502 1173 itur,
2542 1084 2810 1184 quamfi

385 1190 625 1264 eadem
665 1188 885 1263 cuncti
917 1177 1360 1285 poffidetent‚
1398 1188 1581 1283 paria
1601 1186 1836 1273 omnes,
1850 1187 2142 1288 praestare·
2161 1116 2438 1287 possfftnt.
2584 1260 2587 1263 ,
2790 1230 2800 1237 -

478 1295 548 1365 8.
601 1284 815 1361 Simili
845 1289 1100 1358 ratione
1119 1332 1144 1367 ‚
1177 1278 1224 1352 si
1246 1306 1489 1383 corpus
1510 1284 1664 1355 utile
1698 1290 2048 1386 imperium
2070 1284 2154 1357 ab
2173 1292 2393 1358 anima
2412 1337 2434 1371 ,
2469 1283 2605 1356 haec
2624 1280 2807 1355 vicii?-

376 1386 498 1460 fim
528 1384 720 1459 utiles
752 1382 1244 1457 admonitiones
1267 1382 1304 1457 ὲ
1327 1407 1607 1485 corpore
1635 1382 1959 1484 exspectet
1988 1408 2183 1484 atque
2202 1391 2517 1487 accipiat,
2540 1383 2803 1477 fortiori

374 1486 649 1566 vinculo
689 1485 1254 1586 constringuntur,
1289 1482 1488 1582 quam
1510 1478 1556 1553 fi
1577 1482 1809 1555 eadem
1831 1482 2056 1557 iisdem
2084 1485 2602 1588 compensarent.
2656 1483 2803 1554 Ne‘-

374 1611 506 1687 que
525 1580 835 1688 profesto
853 1586 995 1659 talis
1013 1582 1377 1655 eorundem
1396 1577 1656 1683 prorsus
1674 1579 2046 1656 officiorum
2062 1589 2388 1687 α’ντιςροφῆ
2408 1610 2560 1660 cum
2581 1602 2800 1659 rerum

260 1770 280 1784 ..
373 1710 737 1762 creatarum
772 1683 1131 1789 indigentia
1163 1691 1234 1757 &
1265 1689 1357 1756 im
1408 1679 1770 1758 effectione
1790 1685 1947 1757 stare
1966 1686 2203 1787 potest.

468 1813 541 1878 9.
586 1790 891 1860 Tertium
925 1792 1123 1889 igitur
1151 1780 1287 1857 hoc
1348 1808 1399 1859 it
1433 1808 1513 1857 ex
1539 1791 1820 1886 propriis
1855 1795 1926 1861 &
1954 1788 2267 1887 praeclaris
2289 1785 2480 1881 hujus
2496 1785 2798 1883 unioni3‚

368 1914 501 1990 qua
517 1913 759 1991 corpus
779 1894 852 1962 δε
870 1896 1085 1961 anima
1113 1889 1601 1961 connectuntur
1622 1939 1644 1973 ,
1674 1884 1821 1979 qubd
1834 1941 1855 1973 ,
1875 1891 2006 1959 licet
2019 1890 2081 1958 in
2094 1890 2301 1959 adibus
2318 1889 2547 1958 omnino
2558 1885 2803 1982 dispari-
2856 1922 2861 1925 -

362 1991 457 2062 buo
490 1993 566 2070 ά
595 2008 799 2062 mutua
825 2011 1036 2063 natura
1063 1988 1450 2087 consequentia
1483 1984 1523 2059 ὸ
1539 1985 1606 2084 se
1628 1989 1871 2059 invicem
1901 1989 2338 2082 haudquaquam
2368 1983 2794 2081 dependentibus

354 2090 665 2188 conjudici
683 2091 786 2164 illa
809 2087 1058 2190 consistat
1083 2131 1111 2167 ‚
1146 2086 1288 2185 satie
1309 2110 1510 2161 tamen
1542 2091 1703 2159 aaa
1731 2089 1828 2185 effi
1860 2112 1968 2162 non
1993 2089 2062 2160 de
2083 2109 2205 2161 mat
2222 2146 2239 2173 ,
2273 2083 2389 2160 im)
2416 2088 2507 2159 vel
2532 2086 2695 2158 mam
2725 2082 2796 2152 ob

352 2191 584 2289 caulium
612 2194 827 2264 arator.
843 2190 1054 2286 censeri
1073 2211 1384 2260 mereatur.
1438 2190 1627 2286 Qae
1647 2214 1750 2263 res
1768 2194 2005 2264 iterum
2047 2194 2408 2293 apientiam
2428 2194 2501 2263 δε
2520 2182 2792 2282 bonita-¹

360 2311 503 2363 tem
525 2293 661 2363 Dei
678 2293 1018 2363 Creatoris
1037 2284 1236 2357 nobis
1252 2288 1711 2359 commendat.
2780 2305 2789 2310 ·

1210 2468 1292 2556 C
1347 2495 1407 2554 A
1466 2499 1536 2556 Ρ.
1650 2467 1923 2564 XVI.

515 2614 702 2706 §Ad
735 2613 927 2731 quod
935 2641 1168 2732 genus
1197 2616 1693 2733 causkspedet
1708 2637 1868 2697 tum
1887 2616 2130 2696 anima
2149 2635 2441 2696 movens
2461 2640 2615 2695 cor-

906 2755 1051 2848 pus
1072 2787 1102 2833 ,
1120 2754 1277 2814 tum
1293 2757 1540 2846 corpus
1559 2756 1851 2813 monens
1866 2731 2208 2810 mimam.

360 2909 424 2963 ι.
652 2865 954 2960 stensu'm
969 2882 1332 2984 est,corpus
1352 2880 1611 2956 efficere
1633 2887 1701 2955 in
1728 2901 1949 2953 mente
1976 2879 2172 2952 talem
2188 2878 2779 2952 mutationemmt-

645 2993 750 3085 ljus
785 2978 918 3085 ipia
936 2984 1048 3071 test
1063 3008 1309 3086 capax,
1347 2990 1489 3058 vice
1509 2982 1686 3059 versa
1701 3004 1994 3054 mentem
2015 2978 2384 3080 producere
2404 2982 2471 3048 in
2493 2999 2781 3077 corpore

348 3079 668 3181 ejusmodi
699 3090 1137 3159 mutationem
1158 3140 1179 3172 ‚
1209 3111 1409 3187 quam
1438 3083 1648 3183 ipsum
1682 3081 1875 3155 facile
1894 3080 2223 3166 admittit,
2261 3077 2394 3151 hoc
2412 3078 2503 3149 est
2526 3129 2548 3163 ,
2575 3081 2771 3148 certis

346 3184 640 3259 motibus
660 3190 959 3288 corporis
976 3184 1298 3262 localibus
1315 3210 1521 3260 certas
1537 3191 1769 3259 animae
1788 3188 2249 3286 perceptiones
2268 3172 2775 3275 voluntateque

343 3279 765 3385 respondere.

439 3411 504 3459 2.
557 3385 690 3459 Sed
717 3394 1016 3485 quaetitur
1067 3418 1124 3466 ι.
1158 3416 1242 3464 an
1277 3384 1723 3489 &quomodo
1757 3388 1950 3459 Mens
1984 3380 2114 3486 ipsa
2138 3380 2506 3456 immobilis
2523 3390 2769 3478 corpus

335 3481 608 3561 movere
648 3485 872 3587 poffit.
913 3516 976 3563 2.
995 3490 1347 3589 quomodo
1387 3514 1626 3590 corpus
1659 3490 2134 3587 cogitationem
2166 3490 2231 3553 in
2256 3489 2479 3555 animo
2511 3479 2790 3582 produ-2

335 3613 486 3661 cere
507 3586 754 3674 valeat,
800 3615 1001 3689 quam
1024 3617 1147 3664 nec
1172 3590 1539 3663 formaliter
1563 3614 1686 3659 nec
1715 3590 2082 3665 eminenter
2102 3583 2325 3655 habet.
2692 3613 2703 3620 ·
2740 3605 2775 3634 ἰ

357 3686 364 3689 ’
440 3716 507 3785 3.
565 3692 725 3783 Resp.
748 3687 832 3760 ad
861 3696 1041 3789 prius
1078 3690 1384 3764 dubium.
1429 3696 1614 3762 Deus
1641 3693 1847 3761 *etiam
1882 3692 2197 3757 immotus
2229 3706 2459 3757 movet
2492 3683 2715 3758 omnia
2738 3733 2763 3764 ,

332 3812 530 3887 atque
554 3793 625 3861 in
647 3785 782 3862 hoc
803 3791 946 3888 ipso
964 3794 1098 3862 Dei
1115 3788 1413 3889 quaedam
1441 3796 1666 3890 imago
1700 3784 2104 3887 resplendet,
2135 3780 2322 3882 quod
2342 3827 2367 3862 ‚
2394 3793 2487 3861 uti
2514 3786 2600 3861 ad
2633 3795 2760 3859 nti-‘-

335 3911 479 3962 tum
502 3890 642 3985 ejus
656 3888 972 3989 quaelibet
987 3916 1134 3994 pars
1157 3886 1528 3964 Macrocos
1513 3897 1601 3963 mi
1624 3942 1646 3976 ,
1685 3895 1777 3960 ita
1796 3885 1881 3959 ad
1899 3882 2245 3962 arbitrium
2262 3882 2612 3962 voluntatis
2629 3911 2759 3958 no-

332 3986 472 4068 stiae
491 3987 644 4097 pars
664 3988 880 4099 aliqua
907 3988 1099 4101 huju}
1117 3989 1556 4072 Microcosmi
1587 3995 1854 4167 cieatsstg
2598 4073 2686 4151 *v

1392 4095 1402 4101 ’
1636 4097 1719 4170 ,Β
1904 4114 1948 4166 2
2110 4164 2114 4168 ⁴
2529 4104 2605 4178 4·
2686 4095 2760 4147 ⁶·
