3391 4418
1022 114 1541 219 213³!ssAE
1605 140 1781 218 ΩΑ
1863 110 2171 222 „XIX
2639 126 2803 234 ¹183

379 249 473 318 ita
485 237 568 311 ab
583 232 731 336 ipsis
754 227 1045 317 tollitur,
1078 224 1436 324 secundum
1460 253 1535 300 ea
1558 281 1579 314 ,
1619 246 1765 328 quae
1794 228 1951 304 thes
1973 255 2013 326 7
2036 229 2338 303 diximus.
2390 231 2605 333 Qod
2625 225 2806 311 enim

373 353 486 416 aer
506 336 800 411 motibus
820 335 1097 428 ali9rum
1119 355 1479 430 corporum
1498 326 1736 404 refistat
1749 385 1772 420 ‚
1791 330 1862 404 id
1877 357 2018 405 non
2042 328 2257 402 modo
2277 326 2453 406 sensu
2470 339 2677 410 tadeus
2693 363 2802 410 ex.

357 444 656 546 petimur
675 491 697 529 ‚
727 433 889 536 dum
913 441 1119 532 ventis
1140 435 1454 532 agitatur,
1486 427 1596 501 sed
1616 439 1812 506 etiam
1829 487 1852 521 ,
1899 435 2060 507 dum
2081 476 2107 509 ³
2140 432 2560 530 tranquillum
2598 438 2795 518 alias,

360 539 629 636 flabello
659 537 1272 638 percutimus,·quo
1310 528 1522 603 modo
1558 533 1859 606 mulieres
1893 535 2099 607 aestate
2138 527 2374 603 faciem
2391 531 2788 637 refrigerant.

359 645 447 718 Et
474 639 730 716 volatus
756 642 973 710 avium
1007 640 1290 707 eundem
1316 639 1476 706 a'e‘ris
1502 640 1796 706 renixum
1814 660 1967 713 eom
2019 631 2217 707 robat
2236 687 2259 720 ,
2295 634 2473 708 unde
2494 637 2791 738 strepitus

358 743 470 815 iile
505 745 855 816 excitatur,
895 742 1007 834 qui
1029 761 1212 808 aures
1231 734 1478 805 nostras
1508 730 1681 807 ferit.
1734 737 1885 810 Nee
1907 739 1972 809 ul
1997 762 2110 809 um
2140 732 2319 805 aliud
2347 737 2436 809 est
2452 737 2791 839 corpusli-

356 841 634 944 quidum
665 838 772 911 seu
810 838 1087 910 fluidum
1122 843 1192 907 in
1229 857 1433 921 terra,
1473 842 1631 933 quin
1665 836 1878 910 multo
1909 833 2305 909 manifestius
2322 845 2804 935 projectorum

354 941 648 1018 motibus
682 935 922 1012 refistat
941 990 963 1022 ‚
994 962 1143 1033 quae
1171 930 1350 1005 causa
1375 935 1502 1022 est,
1534 961 1647 1008 cur
1666 937 2038 1037 exemplum
2054 934 2216 1009 a‘e'ris
2235 936 2645 1034 potissimum
2667 938 2787 1012 ad·-

353 1044 671 1120 duxerim.
724 1042 835 1112 Sic
870 1032 1122 1106 facilius
1159 1033 1372 1106 homo
1391 1041 1673 1110 imitatur
1695 1035 1894 1136 pisces
1913 1035 2204 1110 natando
2225 1087 2246 1118 ‚
2285 1036 2485 1132 quam
2503 1062 2652 1110 aves
2668 1066 2790 1114 vo,-

349 1145 606 1222 lando,
634 1141 960 1237 quoniam
1000 1159 1168 1232 aqua
1195 1132 1542 1231 pedum&
1581 1133 2006 1210 brachiorum
2024 1131 2324 1211 motibus
2342 1133 2810 1212 vehementius.

357 1248 748 1321 reluctatur.
1199 1290 1205 1294 .

346 1357 353 1376 ··
462 1369 576 1414 ιι.
624 1327 1224 1433 Qmadmodum
1261 1335 1444 1402 Deus
1479 1337 1711 1405 auctor
1745 1335 1837 1405 est
1860 1341 2075 1407 omnis
2095 1336 2253 1418 reri,
2287 1333 2463 1405 unde
2488 1360 2790 1407 commu-

356 1465 478 1512 nes
512 1440 824 1508 notiones
859 1439 929 1504 δε
969 1454 1221 1504 aeternae
1255 1434 1542 1504 veritatis
1560 1430 1964 1503 theoremata
1988 1432 2367 1531 dependent
2392 1464 2412 1519 ς
2441 1436 2791 1531 quemad-

352 1535 652 1628 ‘modum
668 1536 1082 1606 item-audior
1097 1530 1187 1602 est
1198 1535 1416 1602 omnis
1435 1533 1582 1617 boni,
1604 1529 1780 1603 unde
1805 1529 2348 1633 regulaepraffieae
2371 1540 2440 1604 δε
2462 1530 2797 1607 conscien-

362 1643 473 1713 tiae
504 1629 842 1730 syntereses
877 1637 1209 1705 oriuntur:
1247 1633 1343 1704 ita
1373 1634 1606 1705 anaor
1634 1632 1724 1705 est
1737 1633 2172 1704 omnisordim‘s
2196 1637 2263 1703 in
2286 1633 2577 1722 Natura,
2616 1633 2791 1708 unde

346 1758 763 1843 promanant
791 1739 996 1836 Leges
1022 1733 1289 1805 Natura:
1309 1727 1333 1816 ,·'
1370 1729 1457 1804 de
1473 1757 1604 1831 qua
1622 1758 1786 1807 voce
1805 1733 2016 1833 siquis
2033 1730 2217 1806 litem
2233 1758 2458 1834 pergat
2471 1762 2742 1810 movere
2757 1777 2789 1815 Ἰ,

346 1840 697 1914 dicemus,
724 1840 947 1910 Deum
982 1831 1254 1932 quidem
1293 1850 1635 1924 (naturam
1654 1842 2123 1925 naturantem)
2155 1833 2428 1934 proprie
2441 1833 2789 1934 loquendo

344 1943 581 2043 agere,
600 1940 924 2011 Naturam
948 1937 1369 2025 (natur-atam)
1389 1959 1609 2007 autem
1628 1941 1733 2036 agi
1755 1934 2104 2010 secundum
2117 1934 2281 2009 illas·-
2320 1940 2456 2011 Res
2476 1943 2658 2012 enim
2670 1964 2792 2011 na-

361 2041 604 2116 turales
626 2033 899 2111 nonxnifi
916 2038 1079 2107 26}ae
1098 2057 1301 2207 :gunt
1320 2088 1344 2121 ,
1382 2044 1453 2109 δε
1472 2060 1674 2111 motae
1688 2062 2000 2114 moverin-

340 2155 346 2162 ‘
465 2169 579 2221 ιι..
631 2144 805 2214 Bene
823 2136 987 2212 dixit
1010 2139 1118 2207 Ar‘
1177 2132 1975 2231 oteleszquicquidmovetur
1998 2191 2021 2227 ,
2051 2139 2189 2216 hoe
2203 2139 2331 2220 est*⁸
2350 2162 2639 2216 mutatur
2661 2192 2682 2227 ‚
2716 2137 2792 2208 ab

340 2245 474 2316 alio
491 2250 748 2315 mvet‘ur
762 2289 787 2324 ,
822 2236 1182 2310 secundum
1200 2263 1276 2309 ea
1290 2262 1436 2334 quae
1456 2241 1525 2309 in
1548 2237 1676 2309 fine
1693 2240 1791 2311 th.
1806 2267 1855 2336 4
1874 2238 2016 2311 sunt
2037 2244 2300 2317 tradita.

470 2368 499 2411 ι
522 2369 585 2441 3.
633 2336 887 2411 Thales
909 2334 1205 2409 Milesius
1234 2335 1452 2408 dixisse
1482 2334 1688 2409 fertur
1707 2389 1734 2423 ‚
1771 2338 1930 2410 nihil
1959 2366 2245 2417 mortem
2281 2335 2792 2419 dvitadifferre;

369 2440 803 2537 interroganti
821 2487 844 2522 ,
881 2460 1080 2533 quare
1113 2459 1275 2536 ergo
1304 2452 1445 2507 non
1464 2459 1832 2508 moreretur
1850 2490 1873 2524 ,
1907 2438 2183 2539 respond
2192 2439 2301 2513 iffe
2317 2482 2344 2514 ι
2363 2440 2503 2527 quia
2516 2433 2798 2527 nihilaff-

352 2536 504 2631 [ηε.
551 2537 724 2608 Non
750 2535 888 2627 jam
921 2537 1358 2604 examinamus
1394 2532 1642 2605 diCtum
1670 2534 1833 2606 illud
1852 2537 2068 2634 prius:
2099 2564 2168 2610 at
2182 2532 2555 2632 responsum
2574 2533 2804 2631 poste-

366 2643 499 2710 rius
518 2633 816 2737 apprime
833 2627 1154 2704 consentit
1172 2655 1326 2702 eum
1340 2629 1627 2729 exposita
1640 2635 1915 2707 Naturae
1933 2635 2076 2735 lege
2137 2641 2324 2709 rima,
2345 2628 2535 2727 quod
2556 2653 2795 2701 unum·
2873 2631 2878 2638 ’

366 2735 695 2837 quodque
716 2736 1063 2811 maneaein
1086 2755 1170 2801 eo
1188 2730 1353 2801 statu
1366 2733 1441 2799 in
1456 2756 1596 2828 quo
1611 2730 1740 2819 est.,
1776 2730 1890 2803 nifi
1909 2735 1944 2807 εὶ
1957 2663 2138 2807 tang
2156 2728 2374 2829 aliqua
2391 2727 2548 2800 inde
2569 2724 2796 2804 detur-

362 2836 582 2915 betur.
634 2840 720 2908 Et
740 2832 886 2906 sane
902 2832 1434 2928 naturaynateriae
1451 2827 1829 2902 indifferens
1848 2832 2034 2905 estad
2054 2834 2287 2905 statum
2303 2825 2696 2939 quemlibet.
2739 2894 2757 2917 ὅ,

472 2963 579 3035 ι4·.
638 2940 783 3011 Cur
801 2931 1018 3005 homo
1031 2928 1435 3028 quidemfibi
1449 2956 1677 3003 manus
1697 2929 2018 3006 violentas
2032 2930 2236 3034 poffit
2248 2934 2487 3002 inferre
2506 2973 2527 3010 ,
2555 2952 2622 3001 at
2641 2955 2792 3002 mo·

346 3062 470 3111 ‘tus
506 3061 727 3110 tamen
758 3031 962 3106 semet
995 3037 1015 3102 i
1064 3026 1201 3102 sum
1214 3028 1551 3104 destruere
1568 3056 1709 3104 non
1731 3031 1971 3133 pellit,
2007 3032 2393 3135 intelligitur
2405 3056 2481 3104 ex
2504 3028 2600 3105 th0
2622 3060 2689 3131 3,
2716 3038 2787 3133 ὄρ

346 3145 441 3210 ’8.
459 3135 572 3211 ubi
594 3164 691 3211 res
712 3057 1060 3236 [implexas
1057 3127 1427 3232 composita
1444 3129 1810 3206 secernitur.
2514 3194 2519 3199 .
2653 3222 2662 3228 ἢ
2743 3199 2749 3206 .

334 3246 359 3261 ’·
466 3265 493 3310 ι
511 3262 572 3334 5-
623 3236 967 3312 cadavera
987 3237 1251 3305 interris
1268 3232 1482 3328 reclusa
1499 3285 1522 3320 ‚
1553 3235 1709 3326 ligna
1724 3237 1866 3307 item
1878 3237 2254 3327 aqufiteffl,
2294 3256 2578 3333 corpora
2600 3228 2787 3306 deni-

340 3360 497 3441 ·que
510 3341 748 3411 rotunda
763 3389 786 3424 ,
813 3357 1047 3435 utpote
1069 3337 1577 3432 quaemmimum
1604 3330 1851 3406 habent
1869 3329 2223 3436 superficiei
2245 3376 2286 3411 „
2304 3358 2418 3404 cur
2433 3332 2648 3404 minus
2664 3329 2809 3423 finti

360 3442 774 3542 corruptioni
793 3434 1081 3509 obnoxia
1098 3430 1427 3534 magisque
1443 3438 1509 3505 in
1531 3431 1777 3506 eodem
1788 3434 1959 3507 statu
1972 3432 2381 3535 perseverent
2397 3484 2420 3519 ‚
2462 3435 2637 3504 tatio
2651 3430 2800 3522 est),

359 3539 550 3644 quod
566 3535 766 3614 caufis
785 3533 1358 3635 corrumpentibus
1376 3542 1445 3607 δε
1469 3532 1875 3609 mutantibus
1889 3536 2102 3609 minus
2124 3532 2243 3606 fint
2269 3532 2584 3606 obnoxia.

460 3642 494 3715 '1
512 3653 581 3716 6.
631 3641 942 3739 Corpora
977 3631 1594 3710 muscaevelalterius
1616 3633 1836 3710 infesti
1857 3691 1879 3723 ‚
1912 3632 1960 3707 fi
1975 3638 2225 3709 electro
2239 3632 2479 3707 fuerint
2498 3628 2735 3703 inclusa
2749 3685 2777 3713 ,

364 3770 502 3817 non
529 3737 944 3846 putrescunt,
984 3741 1141 3835 quia
1165 3744 1274 3810 aer
1290 3736 1531 3810 eonon
1544 3761 1850 3838 penetrat
1864 3790 1890 3829 ,
1927 3763 2050 3811 nec
2069 3736 2384 3812 electrum
2404 3785 2426 3819 ,
2465 3758 2542 3806 ex
2557 3728 2786 3806 inseffi

305 3854 337 3882 ”
365 3870 592 3921 natura
608 3844 845 3945 recipit
858 3843 1239 3943 quicquam.
1351 3882 1356 3888 ·

2347 4032 2360 4043 ‘
2465 4010 2472 4015 ¹
2538 4017 2608 4100 1)
2628 4006 2816 4092 issi».
