<?xml version="1.0" encoding="UTF-8"?>
<!DOCTYPE html PUBLIC "-//W3C//DTD XHTML 1.0 Transitional//EN"
    "http://www.w3.org/TR/xhtml1/DTD/xhtml1-transitional.dtd">
<html xmlns="http://www.w3.org/1999/xhtml" xml:lang="en" lang="en">
 <head>
  <title>
</title>
<meta http-equiv="Content-Type" content="text/html;charset=utf-8" />
  <meta name='ocr-system' content='tesseract 3.04.00' />
  <meta name='ocr-capabilities' content='ocr_page ocr_carea ocr_par ocr_line ocrx_word'/>
</head>
<body>
  <div class='ocr_page' id='page_1' title='image "./johannisclauber00claugoog_0176.png"; bbox 0 0 3391 4418; ppageno 0'>
   <div class='ocr_carea' id='block_1_1' title="bbox 640 110 3167 4092">
    <p class='ocr_par' dir='ltr' id='par_1_1' title="bbox 660 110 2399 223">
     <span class='ocr_line' id='line_1_1' title="bbox 660 110 2399 223; baseline -0.013 -20"><span class='ocrx_word' id='word_1_1' title='bbox 660 135 815 223; x_wconf 87' lang='lat'>156</span> <span class='ocrx_word' id='word_1_2' title='bbox 1301 110 2399 195; x_wconf 72' lang='lat' dir='ltr'>DrsPUTAT1o</span> 
     </span>
    </p>

    <p class='ocr_par' dir='ltr' id='par_1_2' title="bbox 646 208 3090 824">
     <span class='ocr_line' id='line_1_2' title="bbox 646 208 3079 319; baseline -0.008 -16"><span class='ocrx_word' id='word_1_3' title='bbox 646 244 877 318; x_wconf 80' lang='lat' dir='ltr'>mento</span> <span class='ocrx_word' id='word_1_4' title='bbox 899 280 917 312; x_wconf 93' lang='lat'>,</span> <span class='ocrx_word' id='word_1_5' title='bbox 956 251 1094 298; x_wconf 91' lang='lat' dir='ltr'>non</span> <span class='ocrx_word' id='word_1_6' title='bbox 1129 219 1245 293; x_wconf 84' lang='lat' dir='ltr'>nifi</span> <span class='ocrx_word' id='word_1_7' title='bbox 1280 219 1362 291; x_wconf 88' lang='lat' dir='ltr'>ab</span> <span class='ocrx_word' id='word_1_8' title='bbox 1404 249 1529 294; x_wconf 89' lang='lat' dir='ltr'>una</span> <span class='ocrx_word' id='word_1_9' title='bbox 1547 222 1765 318; x_wconf 85' lang='lat' dir='ltr'>aliqua</span> <span class='ocrx_word' id='word_1_10' title='bbox 1782 240 2144 319; x_wconf 87' lang='lat' dir='ltr'>corporum</span> <span class='ocrx_word' id='word_1_11' title='bbox 2166 208 2611 296; x_wconf 84' lang='lat' dir='ltr'>ambientium</span> <span class='ocrx_word' id='word_1_12' title='bbox 2625 216 2933 313; x_wconf 88' lang='lat' dir='ltr'>congerie</span> <span class='ocrx_word' id='word_1_13' title='bbox 2950 216 3079 284; x_wconf 87' lang='lat' dir='ltr'>im-</span> 
     </span>
     <span class='ocr_line' id='line_1_3' title="bbox 651 310 3079 424; baseline -0.008 -23"><span class='ocrx_word' id='word_1_14' title='bbox 651 327 938 402; x_wconf 73' lang='lat' dir='ltr'>mediate</span> <span class='ocrx_word' id='word_1_15' title='bbox 975 323 1188 424; x_wconf 89' lang='lat' dir='ltr'>potest</span> <span class='ocrx_word' id='word_1_16' title='bbox 1218 326 1513 423; x_wconf 87' lang='lat' dir='ltr'>contingi</span> <span class='ocrx_word' id='word_1_17' title='bbox 1540 377 1560 407; x_wconf 87' lang='lat'>‚</span> <span class='ocrx_word' id='word_1_18' title='bbox 1597 321 1737 391; x_wconf 83' lang='lat' dir='ltr'>laxa</span> <span class='ocrx_word' id='word_1_19' title='bbox 1766 318 1871 389; x_wconf 86' lang='lat' dir='ltr'>illa</span> <span class='ocrx_word' id='word_1_20' title='bbox 1899 326 1968 390; x_wconf 69' lang='grc' dir='ltr'>ὃ(</span> <span class='ocrx_word' id='word_1_21' title='bbox 1992 340 2150 416; x_wconf 88' lang='lat' dir='ltr'>vaga</span> <span class='ocrx_word' id='word_1_22' title='bbox 2170 312 2426 385; x_wconf 90' lang='lat' dir='ltr'>deloco</span> <span class='ocrx_word' id='word_1_23' title='bbox 2453 320 2521 384; x_wconf 72' lang='grc' dir='ltr'>ὅ(</span> <span class='ocrx_word' id='word_1_24' title='bbox 2543 335 2738 383; x_wconf 89' lang='lat' dir='ltr'>motu</span> <span class='ocrx_word' id='word_1_25' title='bbox 2757 310 3079 410; x_wconf 87' lang='lat' dir='ltr'>loquendi</span> 
     </span>
     <span class='ocr_line' id='line_1_4' title="bbox 653 412 3090 511; baseline -0.008 -10"><span class='ocrx_word' id='word_1_26' title='bbox 653 436 820 502; x_wconf 83' lang='lat' dir='ltr'>ratio</span> <span class='ocrx_word' id='word_1_27' title='bbox 856 432 1130 499; x_wconf 87' lang='lat' dir='ltr'>vitatur,</span> <span class='ocrx_word' id='word_1_28' title='bbox 1163 424 1299 490; x_wconf 82' lang='lat' dir='ltr'>dum</span> <span class='ocrx_word' id='word_1_29' title='bbox 1316 447 1387 489; x_wconf 84' lang='lat' dir='ltr'>ex</span> <span class='ocrx_word' id='word_1_30' title='bbox 1406 425 1916 511; x_wconf 12' lang='lat' dir='ltr'>viciniafflcorporum</span> <span class='ocrx_word' id='word_1_31' title='bbox 1931 417 2261 486; x_wconf 75' lang='lat' dir='ltr'>immediate</span> <span class='ocrx_word' id='word_1_32' title='bbox 2275 416 2661 504; x_wconf 82' lang='lat' dir='ltr'>contiguorum</span> <span class='ocrx_word' id='word_1_33' title='bbox 2681 412 2979 504; x_wconf 79' lang='lat' dir='ltr'>transferri</span> <span class='ocrx_word' id='word_1_34' title='bbox 2994 414 3090 481; x_wconf 78' lang='lat' dir='ltr'>di-</span> 
     </span>
     <span class='ocr_line' id='line_1_5' title="bbox 650 507 3085 618; baseline -0.009 -18"><span class='ocrx_word' id='word_1_35' title='bbox 650 535 824 600; x_wconf 79' lang='lat' dir='ltr'>citur.</span> <span class='ocrx_word' id='word_1_36' title='bbox 883 529 1058 595; x_wconf 84' lang='lat' dir='ltr'>Huic</span> <span class='ocrx_word' id='word_1_37' title='bbox 1102 547 1382 618; x_wconf 85' lang='lat' dir='ltr'>namque</span> <span class='ocrx_word' id='word_1_38' title='bbox 1412 518 1920 592; x_wconf 76' lang='lat' dir='ltr'>considerationi</span> <span class='ocrx_word' id='word_1_39' title='bbox 1952 514 2379 599; x_wconf 60' lang='lat' dir='ltr'>inhaesrentess</span> <span class='ocrx_word' id='word_1_40' title='bbox 2423 537 2562 583; x_wconf 90' lang='lat' dir='ltr'>non</span> <span class='ocrx_word' id='word_1_41' title='bbox 2597 507 3085 612; x_wconf 83' lang='lat' dir='ltr'>poffumus.uni</span> 
     </span>
     <span class='ocr_line' id='line_1_6' title="bbox 659 610 3085 725; baseline -0.007 -27"><span class='ocrx_word' id='word_1_42' title='bbox 659 629 924 725; x_wconf 74' lang='lat' dir='ltr'>corpori</span> <span class='ocrx_word' id='word_1_43' title='bbox 957 620 1075 693; x_wconf 88' lang='lat' dir='ltr'>nifi</span> <span class='ocrx_word' id='word_1_44' title='bbox 1108 647 1307 692; x_wconf 89' lang='lat' dir='ltr'>unum</span> <span class='ocrx_word' id='word_1_45' title='bbox 1344 623 1608 705; x_wconf 88' lang='lat' dir='ltr'>locum,</span> <span class='ocrx_word' id='word_1_46' title='bbox 1640 610 1762 689; x_wconf 82' lang='lat' dir='ltr'>nec</span> <span class='ocrx_word' id='word_1_47' title='bbox 1795 621 1907 689; x_wconf 84' lang='lat' dir='ltr'>uni</span> <span class='ocrx_word' id='word_1_48' title='bbox 1942 613 2179 693; x_wconf 82' lang='lat' dir='ltr'>mobili</span> <span class='ocrx_word' id='word_1_49' title='bbox 2202 612 2315 686; x_wconf 84' lang='lat' dir='ltr'>nifi</span> <span class='ocrx_word' id='word_1_50' title='bbox 2339 637 2543 685; x_wconf 89' lang='lat' dir='ltr'>unum</span> <span class='ocrx_word' id='word_1_51' title='bbox 2565 636 2828 699; x_wconf 84' lang='lat' dir='ltr'>motum</span> <span class='ocrx_word' id='word_1_52' title='bbox 2842 610 3085 683; x_wconf 85' lang='lat' dir='ltr'>eodem</span> 
     </span>
     <span class='ocr_line' id='line_1_7' title="bbox 664 719 1360 824; baseline -0.007 -27"><span class='ocrx_word' id='word_1_53' title='bbox 664 749 966 824; x_wconf 87' lang='lat' dir='ltr'>tempore</span> <span class='ocrx_word' id='word_1_54' title='bbox 988 719 1360 793; x_wconf 81' lang='lat' dir='ltr'>attribuere.</span> 
     </span>
    </p>

    <p class='ocr_par' dir='ltr' id='par_1_3' title="bbox 657 810 3167 1690">
     <span class='ocr_line' id='line_1_8' title="bbox 767 810 3086 922; baseline -0.004 -29"><span class='ocrx_word' id='word_1_55' title='bbox 767 836 834 893; x_wconf 88' lang='lat'>6.</span> <span class='ocrx_word' id='word_1_56' title='bbox 883 827 1145 922; x_wconf 83' lang='lat' dir='ltr'>Logicae</span> <span class='ocrx_word' id='word_1_57' title='bbox 1193 824 1532 919; x_wconf 83' lang='lat' dir='ltr'>praeceptis</span> <span class='ocrx_word' id='word_1_58' title='bbox 1561 816 1825 890; x_wconf 89' lang='lat' dir='ltr'>imbuto</span> <span class='ocrx_word' id='word_1_59' title='bbox 1865 814 2393 888; x_wconf 64' lang='lat' dir='ltr'>lectoriremista</span> <span class='ocrx_word' id='word_1_60' title='bbox 2413 811 2831 884; x_wconf 84' lang='lat' dir='ltr'>fimilitudine</span> <span class='ocrx_word' id='word_1_61' title='bbox 2855 810 3086 908; x_wconf 56' lang='lat' dir='ltr'>clarina</span> 
     </span>
     <span class='ocr_line' id='line_1_9' title="bbox 661 908 3090 1023; baseline -0.006 -27"><span class='ocrx_word' id='word_1_62' title='bbox 661 948 960 1023; x_wconf 82' lang='lat' dir='ltr'>expono:</span> <span class='ocrx_word' id='word_1_63' title='bbox 1003 920 1572 1019; x_wconf 85' lang='lat' dir='ltr'>quemadmodum</span> <span class='ocrx_word' id='word_1_64' title='bbox 1609 944 1812 1019; x_wconf 85' lang='lat' dir='ltr'>genus</span> <span class='ocrx_word' id='word_1_65' title='bbox 1845 924 2214 1016; x_wconf 86' lang='lat' dir='ltr'>proximum</span> <span class='ocrx_word' id='word_1_66' title='bbox 2249 911 2683 1010; x_wconf 86' lang='lat' dir='ltr'>cujuscunque</span> <span class='ocrx_word' id='word_1_67' title='bbox 2726 908 2964 1011; x_wconf 82' lang='lat' dir='ltr'>speciei</span> <span class='ocrx_word' id='word_1_68' title='bbox 3007 937 3090 982; x_wconf 86' lang='lat' dir='ltr'>u·-</span> 
     </span>
     <span class='ocr_line' id='line_1_10' title="bbox 661 1009 3085 1118; baseline -0.005 -24"><span class='ocrx_word' id='word_1_69' title='bbox 661 1050 825 1094; x_wconf 84' lang='lat' dir='ltr'>num</span> <span class='ocrx_word' id='word_1_70' title='bbox 856 1028 1108 1093; x_wconf 87' lang='lat' dir='ltr'>tantum</span> <span class='ocrx_word' id='word_1_71' title='bbox 1143 1021 1273 1105; x_wconf 87' lang='lat' dir='ltr'>est,</span> <span class='ocrx_word' id='word_1_72' title='bbox 1320 1044 1574 1092; x_wconf 89' lang='lat' dir='ltr'>remota</span> <span class='ocrx_word' id='word_1_73' title='bbox 1607 1041 1845 1118; x_wconf 88' lang='lat' dir='ltr'>genera</span> <span class='ocrx_word' id='word_1_74' title='bbox 1882 1013 2045 1116; x_wconf 74' lang='lat' dir='ltr'>saepe</span> <span class='ocrx_word' id='word_1_75' title='bbox 2087 1014 2405 1114; x_wconf 82' lang='lat' dir='ltr'>plurima:</span> <span class='ocrx_word' id='word_1_76' title='bbox 2440 1018 2528 1085; x_wconf 91' lang='lat' dir='ltr'>ita</span> <span class='ocrx_word' id='word_1_77' title='bbox 2548 1012 2841 1113; x_wconf 72' lang='lat' dir='ltr'>proxime</span> <span class='ocrx_word' id='word_1_78' title='bbox 2865 1009 3085 1083; x_wconf 86' lang='lat' dir='ltr'>conti-</span> 
     </span>
     <span class='ocr_line' id='line_1_11' title="bbox 662 1108 3167 1224; baseline -0.006 -30"><span class='ocrx_word' id='word_1_79' title='bbox 662 1148 864 1224; x_wconf 85' lang='lat' dir='ltr'>guum</span> <span class='ocrx_word' id='word_1_80' title='bbox 888 1146 1127 1220; x_wconf 87' lang='lat' dir='ltr'>corpus</span> <span class='ocrx_word' id='word_1_81' title='bbox 1147 1117 1436 1219; x_wconf 64' lang='lat' dir='ltr'>respectu</span> <span class='ocrx_word' id='word_1_82' title='bbox 1454 1115 1743 1216; x_wconf 85' lang='lat' dir='ltr'>ejusdem</span> <span class='ocrx_word' id='word_1_83' title='bbox 1765 1122 2059 1215; x_wconf 82' lang='lat' dir='ltr'>corporis</span> <span class='ocrx_word' id='word_1_84' title='bbox 2076 1139 2215 1186; x_wconf 91' lang='lat' dir='ltr'>non</span> <span class='ocrx_word' id='word_1_85' title='bbox 2235 1112 2349 1185; x_wconf 83' lang='lat' dir='ltr'>nifi</span> <span class='ocrx_word' id='word_1_86' title='bbox 2370 1138 2571 1185; x_wconf 81' lang='lat' dir='ltr'>unum</span> <span class='ocrx_word' id='word_1_87' title='bbox 2591 1108 2709 1183; x_wconf 81' lang='lat' dir='ltr'>effi:</span> <span class='ocrx_word' id='word_1_88' title='bbox 2723 1112 2962 1211; x_wconf 88' lang='lat' dir='ltr'>potest,</span> <span class='ocrx_word' id='word_1_89' title='bbox 2984 1136 3089 1181; x_wconf 89' lang='lat' dir='ltr'>te·-</span> <span class='ocrx_word' id='word_1_90' title='bbox 3134 1161 3167 1195; x_wconf 59' lang='lat' dir='ltr'><em>r</em></span> 
     </span>
     <span class='ocr_line' id='line_1_12' title="bbox 663 1211 3091 1319; baseline -0.004 -26"><span class='ocrx_word' id='word_1_91' title='bbox 663 1222 848 1293; x_wconf 73' lang='lat' dir='ltr'>more</span> <span class='ocrx_word' id='word_1_92' title='bbox 880 1227 1190 1319; x_wconf 87' lang='lat' dir='ltr'>contigua</span> <span class='ocrx_word' id='word_1_93' title='bbox 1220 1220 1322 1315; x_wconf 67' lang='lat' dir='ltr'>vfel</span> <span class='ocrx_word' id='word_1_94' title='bbox 1354 1221 1827 1292; x_wconf 84' lang='lat' dir='ltr'>circumstantia</span> <span class='ocrx_word' id='word_1_95' title='bbox 1860 1214 2123 1315; x_wconf 80' lang='lat' dir='ltr'>poffunt</span> <span class='ocrx_word' id='word_1_96' title='bbox 2143 1212 2264 1285; x_wconf 79' lang='lat' dir='ltr'>effi:</span> <span class='ocrx_word' id='word_1_97' title='bbox 2287 1211 2495 1286; x_wconf 88' lang='lat' dir='ltr'>multa</span> <span class='ocrx_word' id='word_1_98' title='bbox 2512 1221 2580 1285; x_wconf 90' lang='lat'>&amp;</span> <span class='ocrx_word' id='word_1_99' title='bbox 2604 1220 2798 1285; x_wconf 84' lang='lat' dir='ltr'>varia.</span> <span class='ocrx_word' id='word_1_100' title='bbox 2849 1213 3091 1312; x_wconf 79' lang='lat' dir='ltr'>utigi-</span> 
     </span>
     <span class='ocr_line' id='line_1_13' title="bbox 661 1311 3149 1413; baseline -0.003 -19"><span class='ocrx_word' id='word_1_101' title='bbox 661 1345 765 1394; x_wconf 91' lang='lat' dir='ltr'>tur</span> <span class='ocrx_word' id='word_1_102' title='bbox 783 1326 850 1391; x_wconf 90' lang='lat' dir='ltr'>in</span> <span class='ocrx_word' id='word_1_103' title='bbox 869 1318 1244 1391; x_wconf 89' lang='lat' dir='ltr'>definienda</span> <span class='ocrx_word' id='word_1_104' title='bbox 1264 1325 1356 1391; x_wconf 89' lang='lat' dir='ltr'>rei</span> <span class='ocrx_word' id='word_1_105' title='bbox 1381 1345 1606 1392; x_wconf 87' lang='lat' dir='ltr'>natura</span> <span class='ocrx_word' id='word_1_106' title='bbox 1620 1373 1642 1404; x_wconf 88' lang='lat'>,</span> <span class='ocrx_word' id='word_1_107' title='bbox 1667 1322 1937 1413; x_wconf 86' lang='lat' dir='ltr'>majoris</span> <span class='ocrx_word' id='word_1_108' title='bbox 1962 1311 2368 1387; x_wconf 79' lang='lat' dir='ltr'>certitudinis</span> <span class='ocrx_word' id='word_1_109' title='bbox 2390 1338 2466 1383; x_wconf 89' lang='lat' dir='ltr'>ac</span> <span class='ocrx_word' id='word_1_110' title='bbox 2484 1311 2914 1384; x_wconf 60' lang='lat' dir='ltr'>distinctionis</span> <span class='ocrx_word' id='word_1_111' title='bbox 2932 1337 3089 1384; x_wconf 85' lang='lat' dir='ltr'>cau·</span> <span class='ocrx_word' id='word_1_112' title='bbox 3144 1382 3149 1387; x_wconf 82' lang='lat'>.</span> 
     </span>
     <span class='ocr_line' id='line_1_14' title="bbox 658 1411 3090 1519; baseline -0.003 -26"><span class='ocrx_word' id='word_1_113' title='bbox 658 1419 767 1505; x_wconf 71' lang='lat' dir='ltr'>sa,</span> <span class='ocrx_word' id='word_1_114' title='bbox 803 1418 1069 1494; x_wconf 76' lang='lat' dir='ltr'>sumitur</span> <span class='ocrx_word' id='word_1_115' title='bbox 1097 1445 1301 1519; x_wconf 82' lang='lat' dir='ltr'>genus</span> <span class='ocrx_word' id='word_1_116' title='bbox 1327 1425 1700 1517; x_wconf 87' lang='lat' dir='ltr'>proximum</span> <span class='ocrx_word' id='word_1_117' title='bbox 1722 1472 1743 1504; x_wconf 89' lang='lat'>‚</span> <span class='ocrx_word' id='word_1_118' title='bbox 1774 1442 1915 1487; x_wconf 90' lang='lat' dir='ltr'>non</span> <span class='ocrx_word' id='word_1_119' title='bbox 1949 1438 2319 1487; x_wconf 87' lang='lat' dir='ltr'>remotum:</span> <span class='ocrx_word' id='word_1_120' title='bbox 2353 1420 2442 1484; x_wconf 89' lang='lat' dir='ltr'>ita</span> <span class='ocrx_word' id='word_1_121' title='bbox 2468 1415 2536 1483; x_wconf 93' lang='lat' dir='ltr'>in</span> <span class='ocrx_word' id='word_1_122' title='bbox 2577 1411 3090 1504; x_wconf 87' lang='lat' dir='ltr'>determinando</span> 
     </span>
     <span class='ocr_line' id='line_1_15' title="bbox 657 1515 3096 1613; baseline -0.002 -22"><span class='ocrx_word' id='word_1_123' title='bbox 657 1544 851 1591; x_wconf 87' lang='lat' dir='ltr'>motu</span> <span class='ocrx_word' id='word_1_124' title='bbox 873 1571 894 1606; x_wconf 89' lang='lat'><strong>,</strong></span> <span class='ocrx_word' id='word_1_125' title='bbox 928 1546 1010 1590; x_wconf 87' lang='lat' dir='ltr'>ne</span> <span class='ocrx_word' id='word_1_126' title='bbox 1032 1545 1218 1591; x_wconf 89' lang='lat' dir='ltr'>mens</span> <span class='ocrx_word' id='word_1_127' title='bbox 1239 1527 1488 1593; x_wconf 86' lang='lat' dir='ltr'>incerta</span> <span class='ocrx_word' id='word_1_128' title='bbox 1507 1520 1741 1593; x_wconf 82' lang='lat' dir='ltr'>haereat</span> <span class='ocrx_word' id='word_1_129' title='bbox 1758 1562 1780 1600; x_wconf 85' lang='lat'>,</span> <span class='ocrx_word' id='word_1_130' title='bbox 1814 1515 2241 1588; x_wconf 87' lang='lat' dir='ltr'>attenduntur</span> <span class='ocrx_word' id='word_1_131' title='bbox 2258 1518 2571 1613; x_wconf 90' lang='lat' dir='ltr'>contigua</span> <span class='ocrx_word' id='word_1_132' title='bbox 2584 1519 2888 1612; x_wconf 86' lang='lat' dir='ltr'>proxima</span> <span class='ocrx_word' id='word_1_133' title='bbox 2906 1564 2929 1593; x_wconf 88' lang='lat'>‚</span> <span class='ocrx_word' id='word_1_134' title='bbox 2951 1538 3096 1586; x_wconf 91' lang='lat' dir='ltr'>non</span> 
     </span>
     <span class='ocr_line' id='line_1_16' title="bbox 661 1643 943 1690; baseline 0.004 -1"><span class='ocrx_word' id='word_1_135' title='bbox 661 1643 943 1690; x_wconf 88' lang='lat' dir='ltr'>remota.</span> 
     </span>
    </p>

    <p class='ocr_par' dir='ltr' id='par_1_4' title="bbox 659 1710 3159 2209">
     <span class='ocr_line' id='line_1_17' title="bbox 762 1710 3159 1814; baseline -0.002 -26"><span class='ocrx_word' id='word_1_136' title='bbox 762 1744 833 1802; x_wconf 88' lang='lat'>7.</span> <span class='ocrx_word' id='word_1_137' title='bbox 884 1719 1225 1791; x_wconf 73' lang='lat' dir='ltr'>Postremo</span> <span class='ocrx_word' id='word_1_138' title='bbox 1259 1718 1609 1800; x_wconf 72' lang='lat' dir='ltr'>addimu3‚</span> <span class='ocrx_word' id='word_1_139' title='bbox 1641 1739 1924 1814; x_wconf 79' lang='lat' dir='ltr'>corpora</span> <span class='ocrx_word' id='word_1_140' title='bbox 1948 1710 2056 1784; x_wconf 91' lang='lat' dir='ltr'>illa</span> <span class='ocrx_word' id='word_1_141' title='bbox 2085 1718 2393 1814; x_wconf 86' lang='lat' dir='ltr'>contigua</span> <span class='ocrx_word' id='word_1_142' title='bbox 2414 1765 2435 1798; x_wconf 91' lang='lat'><strong>,</strong></span> <span class='ocrx_word' id='word_1_143' title='bbox 2474 1710 2511 1784; x_wconf 75' lang='grc' dir='ltr'>εὶ</span> <span class='ocrx_word' id='word_1_144' title='bbox 2535 1737 2825 1811; x_wconf 90' lang='lat' dir='ltr'>quorum</span> <span class='ocrx_word' id='word_1_145' title='bbox 2857 1715 3098 1804; x_wconf 78' lang='lat' dir='ltr'>vicinia</span> <span class='ocrx_word' id='word_1_146' title='bbox 3154 1720 3159 1726; x_wconf 76' lang='grc'><em>’</em></span> 
     </span>
     <span class='ocr_line' id='line_1_18' title="bbox 665 1812 3097 1915; baseline -0.002 -24"><span class='ocrx_word' id='word_1_147' title='bbox 665 1812 1042 1891; x_wconf 79' lang='lat' dir='ltr'>transfertur</span> <span class='ocrx_word' id='word_1_148' title='bbox 1060 1817 1235 1889; x_wconf 85' lang='lat' dir='ltr'>aliud</span> <span class='ocrx_word' id='word_1_149' title='bbox 1257 1841 1493 1915; x_wconf 84' lang='lat' dir='ltr'>corpus</span> <span class='ocrx_word' id='word_1_150' title='bbox 1510 1868 1531 1898; x_wconf 89' lang='lat'>‚</span> <span class='ocrx_word' id='word_1_151' title='bbox 1551 1814 1785 1910; x_wconf 58' lang='lat' dir='ltr'>[pedari</span> <span class='ocrx_word' id='word_1_152' title='bbox 1800 1834 2077 1904; x_wconf 80' lang='lat' dir='ltr'><em>tanquam</em></span> <span class='ocrx_word' id='word_1_153' title='bbox 2094 1813 2431 1907; x_wconf 73' lang='lat' dir='ltr'><em>quiescentia</em></span> <span class='ocrx_word' id='word_1_154' title='bbox 2450 1865 2471 1898; x_wconf 90' lang='lat'>‚</span> <span class='ocrx_word' id='word_1_155' title='bbox 2512 1818 2811 1909; x_wconf 85' lang='lat' dir='ltr'>quamvis</span> <span class='ocrx_word' id='word_1_156' title='bbox 2827 1817 2964 1884; x_wconf 88' lang='lat' dir='ltr'>non</span> <span class='ocrx_word' id='word_1_157' title='bbox 2987 1840 3097 1891; x_wconf 77' lang='lat' dir='ltr'>re«,-</span> 
     </span>
     <span class='ocr_line' id='line_1_19' title="bbox 661 1910 3098 2016; baseline -0.004 -27"><span class='ocrx_word' id='word_1_158' title='bbox 661 1923 956 2015; x_wconf 87' lang='lat' dir='ltr'>quitatut</span> <span class='ocrx_word' id='word_1_159' title='bbox 976 1971 999 2001; x_wconf 88' lang='lat'>‚</span> <span class='ocrx_word' id='word_1_160' title='bbox 1038 1941 1115 1988; x_wconf 90' lang='lat' dir='ltr'>ut</span> <span class='ocrx_word' id='word_1_161' title='bbox 1142 1915 1339 2016; x_wconf 86' lang='lat' dir='ltr'>reipsa</span> <span class='ocrx_word' id='word_1_162' title='bbox 1362 1911 1712 2012; x_wconf 86' lang='lat' dir='ltr'>quiescant.</span> <span class='ocrx_word' id='word_1_163' title='bbox 1765 1918 1872 1987; x_wconf 87' lang='lat' dir='ltr'>Sic</span> <span class='ocrx_word' id='word_1_164' title='bbox 1891 1918 2066 1984; x_wconf 85' lang='lat' dir='ltr'>navis</span> <span class='ocrx_word' id='word_1_165' title='bbox 2085 1919 2338 1983; x_wconf 86' lang='lat' dir='ltr'>ratione</span> <span class='ocrx_word' id='word_1_166' title='bbox 2360 1910 2651 1987; x_wconf 86' lang='lat' dir='ltr'>hominis</span> <span class='ocrx_word' id='word_1_167' title='bbox 2672 1919 2740 1985; x_wconf 90' lang='lat' dir='ltr'>in</span> <span class='ocrx_word' id='word_1_168' title='bbox 2761 1938 2838 1983; x_wconf 84' lang='lat' dir='ltr'>ea</span> <span class='ocrx_word' id='word_1_169' title='bbox 2854 1912 3098 1989; x_wconf 77' lang='lat' dir='ltr'>ambu-</span> 
     </span>
     <span class='ocr_line' id='line_1_20' title="bbox 659 2004 3099 2114; baseline -0 -28"><span class='ocrx_word' id='word_1_170' title='bbox 659 2017 856 2087; x_wconf 85' lang='lat' dir='ltr'>lantis</span> <span class='ocrx_word' id='word_1_171' title='bbox 895 2012 1336 2086; x_wconf 78' lang='lat' dir='ltr'>consideratur</span> <span class='ocrx_word' id='word_1_172' title='bbox 1376 2038 1446 2105; x_wconf 88' lang='lat' dir='ltr'>ut</span> <span class='ocrx_word' id='word_1_173' title='bbox 1462 2009 1792 2110; x_wconf 86' lang='lat' dir='ltr'>quiescens</span> <span class='ocrx_word' id='word_1_174' title='bbox 1811 2022 1832 2098; x_wconf 69' lang='lat'>‚&#39;</span> <span class='ocrx_word' id='word_1_175' title='bbox 1863 2011 2017 2083; x_wconf 89' lang='lat' dir='ltr'>licet</span> <span class='ocrx_word' id='word_1_176' title='bbox 2035 2016 2294 2084; x_wconf 90' lang='lat' dir='ltr'>interim</span> <span class='ocrx_word' id='word_1_177' title='bbox 2317 2009 2650 2084; x_wconf 84' lang='lat' dir='ltr'>celerrime</span> <span class='ocrx_word' id='word_1_178' title='bbox 2673 2012 2712 2086; x_wconf 74' lang='grc' dir='ltr'>ὲ</span> <span class='ocrx_word' id='word_1_179' title='bbox 2731 2034 2934 2101; x_wconf 76' lang='lat' dir='ltr'>vento·</span> <span class='ocrx_word' id='word_1_180' title='bbox 2951 2004 3099 2114; x_wconf 63' lang='lat' dir='ltr'>pelss-</span> 
     </span>
     <span class='ocr_line' id='line_1_21' title="bbox 660 2114 3091 2209; baseline 0.001 -25"><span class='ocrx_word' id='word_1_181' title='bbox 660 2114 847 2185; x_wconf 83' lang='lat' dir='ltr'>latur.</span> <span class='ocrx_word' id='word_1_182' title='bbox 1808 2204 1813 2209; x_wconf 7' lang='grc' dir='ltr'><strong><em>ἢ</em></strong></span> <span class='ocrx_word' id='word_1_183' title='bbox 2234 2180 2238 2185; x_wconf 81' lang='grc'><strong>.</strong></span> <span class='ocrx_word' id='word_1_184' title='bbox 3076 2198 3091 2207; x_wconf 59' lang='lat'>.„</span> 
     </span>
    </p>

    <p class='ocr_par' dir='ltr' id='par_1_5' title="bbox 657 2208 3094 3008">
     <span class='ocr_line' id='line_1_22' title="bbox 763 2208 3094 2310; baseline 0.002 -23"><span class='ocrx_word' id='word_1_185' title='bbox 763 2216 830 2287; x_wconf 89' lang='grc'>8.</span> <span class='ocrx_word' id='word_1_186' title='bbox 886 2211 1206 2310; x_wconf 82' lang='lat' dir='ltr'>Equidem</span> <span class='ocrx_word' id='word_1_187' title='bbox 1230 2259 1251 2294; x_wconf 88' lang='lat'>‚</span> <span class='ocrx_word' id='word_1_188' title='bbox 1288 2239 1360 2289; x_wconf 90' lang='lat' dir='ltr'>ut</span> <span class='ocrx_word' id='word_1_189' title='bbox 1379 2219 1594 2287; x_wconf 84' lang='lat' dir='ltr'>omnis</span> <span class='ocrx_word' id='word_1_190' title='bbox 1611 2217 1957 2288; x_wconf 64' lang='lat' dir='ltr'>contaetus</span> <span class='ocrx_word' id='word_1_191' title='bbox 1973 2212 2064 2284; x_wconf 88' lang='lat' dir='ltr'>est</span> <span class='ocrx_word' id='word_1_192' title='bbox 2081 2235 2380 2296; x_wconf 70' lang='lat' dir='ltr'>mutuuS,</span> <span class='ocrx_word' id='word_1_193' title='bbox 2421 2217 2612 2304; x_wconf 88' lang='lat' dir='ltr'>(nam</span> <span class='ocrx_word' id='word_1_194' title='bbox 2633 2208 2681 2285; x_wconf 79' lang='lat' dir='ltr'><strong>fi</strong></span> <span class='ocrx_word' id='word_1_195' title='bbox 2699 2241 2847 2287; x_wconf 89' lang='lat' dir='ltr'>mea</span> <span class='ocrx_word' id='word_1_196' title='bbox 2863 2243 3094 2291; x_wconf 86' lang='lat' dir='ltr'>manus</span> 
     </span>
     <span class='ocr_line' id='line_1_23' title="bbox 664 2315 3089 2415; baseline 0.002 -29"><span class='ocrx_word' id='word_1_197' title='bbox 664 2318 871 2413; x_wconf 86' lang='lat' dir='ltr'>tangit</span> <span class='ocrx_word' id='word_1_198' title='bbox 907 2336 1119 2395; x_wconf 90' lang='lat' dir='ltr'>tuam,</span> <span class='ocrx_word' id='word_1_199' title='bbox 1161 2340 1273 2387; x_wconf 89' lang='lat' dir='ltr'>tua</span> <span class='ocrx_word' id='word_1_200' title='bbox 1315 2315 1949 2388; x_wconf 64' lang='lat' dir='ltr'>eodem&#39;momento</span> <span class='ocrx_word' id='word_1_201' title='bbox 1987 2320 2192 2415; x_wconf 89' lang='lat' dir='ltr'>tangit</span> <span class='ocrx_word' id='word_1_202' title='bbox 2228 2321 2488 2396; x_wconf 86' lang='lat' dir='ltr'>meam)</span> <span class='ocrx_word' id='word_1_203' title='bbox 2527 2315 2616 2386; x_wconf 87' lang='lat' dir='ltr'>ita</span> <span class='ocrx_word' id='word_1_204' title='bbox 2646 2317 2845 2388; x_wconf 84' lang='lat' dir='ltr'>etiam</span> <span class='ocrx_word' id='word_1_205' title='bbox 2869 2324 3089 2405; x_wconf 87' lang='lat' dir='ltr'>omnis</span> 
     </span>
     <span class='ocr_line' id='line_1_24' title="bbox 665 2413 3091 2509; baseline 0.002 -23"><span class='ocrx_word' id='word_1_206' title='bbox 665 2413 999 2486; x_wconf 85' lang='lat' dir='ltr'>transsatio</span> <span class='ocrx_word' id='word_1_207' title='bbox 1022 2415 1112 2485; x_wconf 89' lang='lat' dir='ltr'>est</span> <span class='ocrx_word' id='word_1_208' title='bbox 1125 2418 1433 2509; x_wconf 75' lang='lat' dir='ltr'>reciproca:</span> <span class='ocrx_word' id='word_1_209' title='bbox 1456 2418 1762 2487; x_wconf 89' lang='lat' dir='ltr'>nimirum</span> <span class='ocrx_word' id='word_1_210' title='bbox 1783 2415 1941 2488; x_wconf 88' lang='lat' dir='ltr'>dum</span> <span class='ocrx_word' id='word_1_211' title='bbox 1964 2416 2193 2488; x_wconf 81' lang='lat' dir='ltr'>nostrae</span> <span class='ocrx_word' id='word_1_212' title='bbox 2215 2439 2443 2497; x_wconf 80' lang='lat' dir='ltr'>manus</span> <span class='ocrx_word' id='word_1_213' title='bbox 2464 2414 2500 2486; x_wconf 70' lang='lat' dir='ltr'>a</span> <span class='ocrx_word' id='word_1_214' title='bbox 2517 2416 2575 2485; x_wconf 91' lang='lat' dir='ltr'>se</span> <span class='ocrx_word' id='word_1_215' title='bbox 2598 2420 2832 2491; x_wconf 77' lang='lat' dir='ltr'>mutuo</span> <span class='ocrx_word' id='word_1_216' title='bbox 2849 2423 3091 2491; x_wconf 87' lang='lat' dir='ltr'>iterum</span> 
     </span>
     <span class='ocr_line' id='line_1_25' title="bbox 663 2510 3087 2614; baseline 0.003 -32"><span class='ocrx_word' id='word_1_217' title='bbox 663 2510 1034 2614; x_wconf 87' lang='lat' dir='ltr'>separantur</span> <span class='ocrx_word' id='word_1_218' title='bbox 1049 2561 1070 2594; x_wconf 88' lang='lat'>‚</span> <span class='ocrx_word' id='word_1_219' title='bbox 1110 2523 1180 2587; x_wconf 66' lang='grc' dir='ltr'>δέ</span> <span class='ocrx_word' id='word_1_220' title='bbox 1195 2541 1341 2586; x_wconf 90' lang='lat' dir='ltr'>mea</span> <span class='ocrx_word' id='word_1_221' title='bbox 1364 2517 1658 2600; x_wconf 67' lang='lat' dir='ltr'>avicinia</span> <span class='ocrx_word' id='word_1_222' title='bbox 1678 2538 1802 2588; x_wconf 76' lang='lat' dir='ltr'>tuae</span> <span class='ocrx_word' id='word_1_223' title='bbox 1819 2571 1840 2602; x_wconf 88' lang='lat'>‚</span> <span class='ocrx_word' id='word_1_224' title='bbox 1877 2525 1948 2588; x_wconf 92' lang='lat'>&amp;</span> <span class='ocrx_word' id='word_1_225' title='bbox 1971 2539 2080 2587; x_wconf 87' lang='lat' dir='ltr'>tua</span> <span class='ocrx_word' id='word_1_226' title='bbox 2096 2518 2135 2589; x_wconf 74' lang='grc' dir='ltr'>ὲ</span> <span class='ocrx_word' id='word_1_227' title='bbox 2152 2518 2390 2591; x_wconf 86' lang='lat' dir='ltr'>vicinia</span> <span class='ocrx_word' id='word_1_228' title='bbox 2410 2540 2571 2587; x_wconf 85' lang='lat' dir='ltr'>meae</span> <span class='ocrx_word' id='word_1_229' title='bbox 2595 2517 2876 2603; x_wconf 86' lang='lat' dir='ltr'>recedit,</span> <span class='ocrx_word' id='word_1_230' title='bbox 2913 2519 3087 2591; x_wconf 90' lang='lat' dir='ltr'>adeo</span> 
     </span>
     <span class='ocr_line' id='line_1_26' title="bbox 659 2612 3091 2718; baseline 0.002 -33"><span class='ocrx_word' id='word_1_231' title='bbox 659 2637 733 2685; x_wconf 85' lang='lat' dir='ltr'>nt</span> <span class='ocrx_word' id='word_1_232' title='bbox 767 2612 1127 2713; x_wconf 87' lang='lat' dir='ltr'>utrobique</span> <span class='ocrx_word' id='word_1_233' title='bbox 1156 2616 1483 2689; x_wconf 77' lang='lat' dir='ltr'>transsatio</span> <span class='ocrx_word' id='word_1_234' title='bbox 1506 2616 1617 2688; x_wconf 89' lang='lat' dir='ltr'>illa</span> <span class='ocrx_word' id='word_1_235' title='bbox 1633 2671 1653 2703; x_wconf 89' lang='lat'>,</span> <span class='ocrx_word' id='word_1_236' title='bbox 1693 2642 1893 2715; x_wconf 87' lang='lat' dir='ltr'>quam</span> <span class='ocrx_word' id='word_1_237' title='bbox 1909 2615 2194 2690; x_wconf 83' lang='lat' dir='ltr'>localem</span> <span class='ocrx_word' id='word_1_238' title='bbox 2214 2639 2473 2689; x_wconf 89' lang='lat' dir='ltr'>motum</span> <span class='ocrx_word' id='word_1_239' title='bbox 2497 2624 2760 2718; x_wconf 86' lang='lat' dir='ltr'>proprie</span> <span class='ocrx_word' id='word_1_240' title='bbox 2783 2619 3091 2690; x_wconf 87' lang='lat' dir='ltr'>nomina-</span> 
     </span>
     <span class='ocr_line' id='line_1_27' title="bbox 657 2715 3087 2816; baseline 0.003 -32"><span class='ocrx_word' id='word_1_241' title='bbox 657 2739 805 2786; x_wconf 88' lang='lat' dir='ltr'>mus</span> <span class='ocrx_word' id='word_1_242' title='bbox 825 2770 842 2796; x_wconf 90' lang='lat'>,</span> <span class='ocrx_word' id='word_1_243' title='bbox 884 2723 1259 2815; x_wconf 84' lang='lat' dir='ltr'>reperiatur.</span> <span class='ocrx_word' id='word_1_244' title='bbox 1314 2723 1502 2816; x_wconf 82' lang='lat' dir='ltr'>Qn</span> <span class='ocrx_word' id='word_1_245' title='bbox 1521 2723 1658 2789; x_wconf 91' lang='lat' dir='ltr'>imo</span> <span class='ocrx_word' id='word_1_246' title='bbox 1671 2743 1790 2816; x_wconf 84' lang='lat' dir='ltr'>par</span> <span class='ocrx_word' id='word_1_247' title='bbox 1809 2715 2161 2816; x_wconf 89' lang='lat' dir='ltr'>utrobique</span> <span class='ocrx_word' id='word_1_248' title='bbox 2174 2723 2272 2791; x_wconf 78' lang='lat' dir='ltr'>vis</span> <span class='ocrx_word' id='word_1_249' title='bbox 2293 2740 2488 2812; x_wconf 85' lang='lat' dir='ltr'>atque</span> <span class='ocrx_word' id='word_1_250' title='bbox 2504 2722 2683 2790; x_wconf 55' lang='lat' dir='ltr'>aetio</span> <span class='ocrx_word' id='word_1_251' title='bbox 2701 2724 3044 2816; x_wconf 88' lang='lat' dir='ltr'>requiritur</span> <span class='ocrx_word' id='word_1_252' title='bbox 3060 2771 3087 2808; x_wconf 90' lang='lat'><strong>,</strong></span> 
     </span>
     <span class='ocr_line' id='line_1_28' title="bbox 657 2809 3089 2912; baseline 0.004 -30"><span class='ocrx_word' id='word_1_253' title='bbox 657 2809 787 2883; x_wconf 83' lang='lat' dir='ltr'>five</span> <span class='ocrx_word' id='word_1_254' title='bbox 827 2840 952 2912; x_wconf 89' lang='lat' dir='ltr'>ego</span> <span class='ocrx_word' id='word_1_255' title='bbox 990 2816 1184 2887; x_wconf 88' lang='lat' dir='ltr'>velim</span> <span class='ocrx_word' id='word_1_256' title='bbox 1219 2843 1484 2888; x_wconf 86' lang='lat' dir='ltr'>manum</span> <span class='ocrx_word' id='word_1_257' title='bbox 1520 2844 1733 2889; x_wconf 88' lang='lat' dir='ltr'>meam</span> <span class='ocrx_word' id='word_1_258' title='bbox 1771 2818 1811 2889; x_wconf 67' lang='lat' dir='ltr'>a</span> <span class='ocrx_word' id='word_1_259' title='bbox 1834 2841 1986 2903; x_wconf 87' lang='lat' dir='ltr'>tua,</span> <span class='ocrx_word' id='word_1_260' title='bbox 2021 2817 2148 2890; x_wconf 85' lang='lat' dir='ltr'>five</span> <span class='ocrx_word' id='word_1_261' title='bbox 2172 2818 2415 2891; x_wconf 84' lang='lat' dir='ltr'>tuvelis</span> <span class='ocrx_word' id='word_1_262' title='bbox 2438 2817 2845 2898; x_wconf 61' lang='lat' dir='ltr'>tuamamea</span> <span class='ocrx_word' id='word_1_263' title='bbox 2863 2845 3089 2893; x_wconf 85' lang='lat' dir='ltr'>remo-</span> 
     </span>
     <span class='ocr_line' id='line_1_29' title="bbox 657 2910 2530 3008; baseline 0.004 -28"><span class='ocrx_word' id='word_1_264' title='bbox 657 2935 808 2980; x_wconf 86' lang='lat' dir='ltr'>vere</span> <span class='ocrx_word' id='word_1_265' title='bbox 830 2962 851 2993; x_wconf 88' lang='lat'>‚</span> <span class='ocrx_word' id='word_1_266' title='bbox 893 2910 1017 2980; x_wconf 87' lang='lat' dir='ltr'>five</span> <span class='ocrx_word' id='word_1_267' title='bbox 1040 2936 1311 3008; x_wconf 85' lang='lat' dir='ltr'>uterque</span> <span class='ocrx_word' id='word_1_268' title='bbox 1334 2917 1624 2986; x_wconf 88' lang='lat' dir='ltr'>nostrum</span> <span class='ocrx_word' id='word_1_269' title='bbox 1647 2916 1833 2986; x_wconf 75' lang='lat' dir='ltr'>simul</span> <span class='ocrx_word' id='word_1_270' title='bbox 1848 2917 2025 2998; x_wconf 89' lang='lat' dir='ltr'>idem</span> <span class='ocrx_word' id='word_1_271' title='bbox 2047 2916 2202 2991; x_wconf 90' lang='lat' dir='ltr'>velit</span> <span class='ocrx_word' id='word_1_272' title='bbox 2223 2923 2292 2989; x_wconf 74' lang='grc' dir='ltr'>δε</span> <span class='ocrx_word' id='word_1_273' title='bbox 2312 2912 2530 2988; x_wconf 89' lang='lat' dir='ltr'>faciat.</span> 
     </span>
    </p>

    <p class='ocr_par' dir='ltr' id='par_1_6' title="bbox 640 3000 3135 4017">
     <span class='ocr_line' id='line_1_30' title="bbox 758 3000 3085 3112; baseline 0.006 -36"><span class='ocrx_word' id='word_1_274' title='bbox 758 3033 826 3095; x_wconf 89' lang='lat'>9.</span> <span class='ocrx_word' id='word_1_275' title='bbox 875 3010 1029 3078; x_wconf 90' lang='lat' dir='ltr'>Nec</span> <span class='ocrx_word' id='word_1_276' title='bbox 1069 3012 1298 3081; x_wconf 86' lang='lat' dir='ltr'>melius</span> <span class='ocrx_word' id='word_1_277' title='bbox 1326 3014 1541 3108; x_wconf 88' lang='lat' dir='ltr'>potest</span> <span class='ocrx_word' id='word_1_278' title='bbox 1566 3014 1865 3112; x_wconf 85' lang='lat' dir='ltr'>explicari</span> <span class='ocrx_word' id='word_1_279' title='bbox 1901 3023 1979 3087; x_wconf 74' lang='lat' dir='ltr'>vis</span> <span class='ocrx_word' id='word_1_280' title='bbox 1994 3020 2272 3107; x_wconf 79' lang='lat' dir='ltr'>reciproca</span> <span class='ocrx_word' id='word_1_281' title='bbox 2299 3021 2367 3085; x_wconf 87' lang='lat' dir='ltr'>in</span> <span class='ocrx_word' id='word_1_282' title='bbox 2387 3041 2613 3089; x_wconf 86' lang='lat' dir='ltr'>mutua</span> <span class='ocrx_word' id='word_1_283' title='bbox 2632 3018 2914 3090; x_wconf 86' lang='lat' dir='ltr'>duorum</span> <span class='ocrx_word' id='word_1_284' title='bbox 2934 3000 3085 3091; x_wconf 56' lang='lat' dir='ltr'>cor-2</span> 
     </span>
     <span class='ocr_line' id='line_1_31' title="bbox 657 3104 3082 3214; baseline 0.006 -36"><span class='ocrx_word' id='word_1_285' title='bbox 657 3131 900 3206; x_wconf 89' lang='lat' dir='ltr'>porum</span> <span class='ocrx_word' id='word_1_286' title='bbox 939 3104 1021 3176; x_wconf 91' lang='lat' dir='ltr'>ab</span> <span class='ocrx_word' id='word_1_287' title='bbox 1056 3113 1337 3179; x_wconf 89' lang='lat' dir='ltr'>invicem</span> <span class='ocrx_word' id='word_1_288' title='bbox 1376 3106 1818 3211; x_wconf 86' lang='lat' dir='ltr'>separatione,</span> <span class='ocrx_word' id='word_1_289' title='bbox 1852 3115 2051 3212; x_wconf 64' lang='lat' dir='ltr'>qudm</span> <span class='ocrx_word' id='word_1_290' title='bbox 2084 3110 2129 3184; x_wconf 81' lang='lat' dir='ltr'><strong>fi</strong></span> <span class='ocrx_word' id='word_1_291' title='bbox 2172 3112 2366 3185; x_wconf 85' lang='lat' dir='ltr'>nobis</span> <span class='ocrx_word' id='word_1_292' title='bbox 2381 3141 2711 3214; x_wconf 87' lang='lat' dir='ltr'>ponamus</span> <span class='ocrx_word' id='word_1_293' title='bbox 2734 3117 2827 3190; x_wconf 91' lang='lat' dir='ltr'>ob</span> <span class='ocrx_word' id='word_1_294' title='bbox 2848 3118 3082 3192; x_wconf 85' lang='lat' dir='ltr'>oculos</span> 
     </span>
     <span class='ocr_line' id='line_1_32' title="bbox 658 3202 3082 3313; baseline 0.002 -39"><span class='ocrx_word' id='word_1_295' title='bbox 658 3202 1064 3303; x_wconf 88' lang='lat' dir='ltr'>navigiolum</span> <span class='ocrx_word' id='word_1_296' title='bbox 1085 3208 1357 3305; x_wconf 90' lang='lat' dir='ltr'>aliquod</span> <span class='ocrx_word' id='word_1_297' title='bbox 1380 3208 1622 3283; x_wconf 84' lang='lat' dir='ltr'>haerens</span> <span class='ocrx_word' id='word_1_298' title='bbox 1638 3217 1704 3282; x_wconf 90' lang='lat' dir='ltr'>in</span> <span class='ocrx_word' id='word_1_299' title='bbox 1720 3214 1865 3296; x_wconf 75' lang='lat' dir='ltr'>luto</span> <span class='ocrx_word' id='word_1_300' title='bbox 1876 3222 2049 3309; x_wconf 82' lang='lat' dir='ltr'>juxta</span> <span class='ocrx_word' id='word_1_301' title='bbox 2070 3212 2356 3285; x_wconf 83' lang='lat' dir='ltr'>fluminis</span> <span class='ocrx_word' id='word_1_302' title='bbox 2376 3219 2585 3313; x_wconf 87' lang='lat' dir='ltr'>ripam</span> <span class='ocrx_word' id='word_1_303' title='bbox 2607 3269 2631 3301; x_wconf 85' lang='lat'>,</span> <span class='ocrx_word' id='word_1_304' title='bbox 2671 3227 2746 3290; x_wconf 89' lang='lat'>&amp;</span> <span class='ocrx_word' id='word_1_305' title='bbox 2774 3219 2942 3297; x_wconf 79' lang='lat' dir='ltr'>duos</span> <span class='ocrx_word' id='word_1_306' title='bbox 2956 3218 3082 3292; x_wconf 84' lang='lat' dir='ltr'>ho..</span> 
     </span>
     <span class='ocr_line' id='line_1_33' title="bbox 656 3310 3082 3416; baseline 0.007 -43"><span class='ocrx_word' id='word_1_307' title='bbox 656 3310 902 3389; x_wconf 71' lang='lat' dir='ltr'>mines»,</span> <span class='ocrx_word' id='word_1_308' title='bbox 930 3329 1216 3402; x_wconf 89' lang='lat' dir='ltr'>quorum</span> <span class='ocrx_word' id='word_1_309' title='bbox 1249 3333 1412 3381; x_wconf 84' lang='lat' dir='ltr'>unus</span> <span class='ocrx_word' id='word_1_310' title='bbox 1446 3312 1610 3383; x_wconf 87' lang='lat' dir='ltr'>stans</span> <span class='ocrx_word' id='word_1_311' title='bbox 1640 3317 1707 3384; x_wconf 92' lang='lat' dir='ltr'>in</span> <span class='ocrx_word' id='word_1_312' title='bbox 1736 3317 1870 3412; x_wconf 90' lang='lat' dir='ltr'>ripa</span> <span class='ocrx_word' id='word_1_313' title='bbox 1889 3313 2290 3411; x_wconf 85' lang='lat' dir='ltr'>navigiolum</span> <span class='ocrx_word' id='word_1_314' title='bbox 2311 3312 2614 3387; x_wconf 87' lang='lat' dir='ltr'>manibus</span> <span class='ocrx_word' id='word_1_315' title='bbox 2628 3316 2829 3416; x_wconf 75' lang='lat' dir='ltr'>pellat</span> <span class='ocrx_word' id='word_1_316' title='bbox 2850 3375 2872 3407; x_wconf 91' lang='lat'>,</span> <span class='ocrx_word' id='word_1_317' title='bbox 2919 3321 3082 3393; x_wconf 90' lang='lat' dir='ltr'>util-</span> 
     </span>
     <span class='ocr_line' id='line_1_34' title="bbox 650 3402 3135 3522; baseline 0.01 -51"><span class='ocrx_word' id='word_1_318' title='bbox 650 3402 767 3475; x_wconf 91' lang='lat' dir='ltr'>lud</span> <span class='ocrx_word' id='word_1_319' title='bbox 795 3402 830 3472; x_wconf 70' lang='grc' dir='ltr'>εὶ</span> <span class='ocrx_word' id='word_1_320' title='bbox 851 3426 1016 3475; x_wconf 83' lang='lat' dir='ltr'>terta</span> <span class='ocrx_word' id='word_1_321' title='bbox 1040 3430 1380 3480; x_wconf 87' lang='lat' dir='ltr'>removeat</span> <span class='ocrx_word' id='word_1_322' title='bbox 1397 3437 1426 3487; x_wconf 85' lang='lat'>,·</span> <span class='ocrx_word' id='word_1_323' title='bbox 1449 3411 1823 3510; x_wconf 87' lang='lat' dir='ltr'>eodemque</span> <span class='ocrx_word' id='word_1_324' title='bbox 1888 3408 2092 3483; x_wconf 87' lang='lat' dir='ltr'>torsus</span> <span class='ocrx_word' id='word_1_325' title='bbox 2117 3411 2329 3484; x_wconf 89' lang='lat' dir='ltr'>modo</span> <span class='ocrx_word' id='word_1_326' title='bbox 2356 3411 2515 3486; x_wconf 86' lang='lat' dir='ltr'>alius</span> <span class='ocrx_word' id='word_1_327' title='bbox 2537 3415 2702 3489; x_wconf 86' lang='lat' dir='ltr'>stans</span> <span class='ocrx_word' id='word_1_328' title='bbox 2723 3425 2792 3489; x_wconf 92' lang='lat' dir='ltr'>in</span> <span class='ocrx_word' id='word_1_329' title='bbox 2816 3403 3082 3522; x_wconf 46' lang='lat' dir='ltr'>narigio</span> <span class='ocrx_word' id='word_1_330' title='bbox 3127 3414 3135 3425; x_wconf 54' lang='lat'>⁸</span> 
     </span>
     <span class='ocr_line' id='line_1_35' title="bbox 655 3439 3088 3605; baseline 0.007 -30"><span class='ocrx_word' id='word_1_331' title='bbox 655 3510 861 3602; x_wconf 87' lang='lat' dir='ltr'>ripam</span> <span class='ocrx_word' id='word_1_332' title='bbox 894 3502 1193 3577; x_wconf 84' lang='lat' dir='ltr'>manibus</span> <span class='ocrx_word' id='word_1_333' title='bbox 1229 3506 1470 3605; x_wconf 81' lang='lat' dir='ltr'>pellat,</span> <span class='ocrx_word' id='word_1_334' title='bbox 1501 3538 1573 3584; x_wconf 89' lang='lat' dir='ltr'>ut</span> <span class='ocrx_word' id='word_1_335' title='bbox 1602 3511 1765 3584; x_wconf 85' lang='lat' dir='ltr'>illud</span> <span class='ocrx_word' id='word_1_336' title='bbox 1784 3439 1961 3582; x_wconf 55' lang='lat' dir='ltr'>idem</span> <span class='ocrx_word' id='word_1_337' title='bbox 1988 3509 2023 3579; x_wconf 74' lang='grc' dir='ltr'>ὲ</span> <span class='ocrx_word' id='word_1_338' title='bbox 2057 3534 2222 3583; x_wconf 88' lang='lat' dir='ltr'>terra</span> <span class='ocrx_word' id='word_1_339' title='bbox 2246 3539 2604 3588; x_wconf 87' lang='lat' dir='ltr'>removeat.</span> <span class='ocrx_word' id='word_1_340' title='bbox 2657 3523 2723 3590; x_wconf 91' lang='lat' dir='ltr'>Si</span> <span class='ocrx_word' id='word_1_341' title='bbox 2754 3528 2929 3594; x_wconf 91' lang='lat' dir='ltr'>enim</span> <span class='ocrx_word' id='word_1_342' title='bbox 2952 3497 3088 3593; x_wconf 79' lang='lat' dir='ltr'>ho·-</span> 
     </span>
     <span class='ocr_line' id='line_1_36' title="bbox 646 3601 3083 3714; baseline 0.009 -43"><span class='ocrx_word' id='word_1_343' title='bbox 646 3627 792 3672; x_wconf 86' lang='lat' dir='ltr'>rum</span> <span class='ocrx_word' id='word_1_344' title='bbox 818 3601 1160 3676; x_wconf 86' lang='lat' dir='ltr'>hominum</span> <span class='ocrx_word' id='word_1_345' title='bbox 1184 3613 1345 3680; x_wconf 83' lang='lat' dir='ltr'>vires</span> <span class='ocrx_word' id='word_1_346' title='bbox 1369 3606 1490 3681; x_wconf 77' lang='lat' dir='ltr'>sint</span> <span class='ocrx_word' id='word_1_347' title='bbox 1506 3611 1786 3709; x_wconf 85' lang='lat' dir='ltr'>aequales</span> <span class='ocrx_word' id='word_1_348' title='bbox 1803 3664 1825 3696; x_wconf 89' lang='lat'>‚</span> <span class='ocrx_word' id='word_1_349' title='bbox 1869 3635 2145 3684; x_wconf 86' lang='lat' dir='ltr'>conatus</span> <span class='ocrx_word' id='word_1_350' title='bbox 2162 3619 2432 3714; x_wconf 74' lang='lat' dir='ltr'>ejusqui</span> <span class='ocrx_word' id='word_1_351' title='bbox 2457 3639 2636 3688; x_wconf 84' lang='lat' dir='ltr'>tetrae</span> <span class='ocrx_word' id='word_1_352' title='bbox 2655 3619 2909 3705; x_wconf 76' lang='lat' dir='ltr'>insistit,</span> <span class='ocrx_word' id='word_1_353' title='bbox 2950 3619 3083 3693; x_wconf 62' lang='lat' dir='ltr'>ter-&#39;-</span> 
     </span>
     <span class='ocr_line' id='line_1_37' title="bbox 647 3701 3083 3822; baseline 0.009 -52"><span class='ocrx_word' id='word_1_354' title='bbox 647 3724 861 3797; x_wconf 86' lang='lat' dir='ltr'>raeque</span> <span class='ocrx_word' id='word_1_355' title='bbox 877 3701 1128 3777; x_wconf 88' lang='lat' dir='ltr'>idcirco</span> <span class='ocrx_word' id='word_1_356' title='bbox 1155 3714 1548 3802; x_wconf 64' lang='lat' dir='ltr'>conjunctus</span> <span class='ocrx_word' id='word_1_357' title='bbox 1570 3713 1697 3797; x_wconf 82' lang='lat' dir='ltr'>est,</span> <span class='ocrx_word' id='word_1_358' title='bbox 1733 3734 1868 3781; x_wconf 88' lang='lat' dir='ltr'>non</span> <span class='ocrx_word' id='word_1_359' title='bbox 1887 3715 2101 3786; x_wconf 87' lang='lat' dir='ltr'>minus</span> <span class='ocrx_word' id='word_1_360' title='bbox 2124 3709 2383 3789; x_wconf 87' lang='lat' dir='ltr'>confert</span> <span class='ocrx_word' id='word_1_361' title='bbox 2402 3715 2487 3788; x_wconf 88' lang='lat' dir='ltr'>ad</span> <span class='ocrx_word' id='word_1_362' title='bbox 2512 3743 2771 3793; x_wconf 89' lang='lat' dir='ltr'>motum</span> <span class='ocrx_word' id='word_1_363' title='bbox 2797 3709 3083 3822; x_wconf 85' lang='lat' dir='ltr'>navigii,</span> 
     </span>
     <span class='ocr_line' id='line_1_38' title="bbox 644 3806 3082 3920; baseline 0.01 -51"><span class='ocrx_word' id='word_1_364' title='bbox 644 3824 841 3915; x_wconf 77' lang='lat' dir='ltr'>quarn</span> <span class='ocrx_word' id='word_1_365' title='bbox 880 3826 1156 3875; x_wconf 85' lang='lat' dir='ltr'>conatus</span> <span class='ocrx_word' id='word_1_366' title='bbox 1198 3806 1456 3880; x_wconf 81' lang='lat' dir='ltr'>alterius</span> <span class='ocrx_word' id='word_1_367' title='bbox 1480 3865 1501 3895; x_wconf 88' lang='lat'>‚</span> <span class='ocrx_word' id='word_1_368' title='bbox 1540 3815 1658 3910; x_wconf 89' lang='lat' dir='ltr'>qui</span> <span class='ocrx_word' id='word_1_369' title='bbox 1695 3837 1847 3884; x_wconf 79' lang='lat' dir='ltr'>cum</span> <span class='ocrx_word' id='word_1_370' title='bbox 1884 3819 2144 3913; x_wconf 85' lang='lat' dir='ltr'>navigio</span> <span class='ocrx_word' id='word_1_371' title='bbox 2165 3813 2561 3890; x_wconf 83' lang='lat' dir='ltr'>transfertur.</span> <span class='ocrx_word' id='word_1_372' title='bbox 2627 3820 2828 3892; x_wconf 86' lang='lat' dir='ltr'>Unde</span> <span class='ocrx_word' id='word_1_373' title='bbox 2849 3846 3035 3920; x_wconf 87' lang='lat' dir='ltr'>patet</span> <span class='ocrx_word' id='word_1_374' title='bbox 3057 3873 3082 3906; x_wconf 90' lang='lat'>,</span> 
     </span>
     <span class='ocr_line' id='line_1_39' title="bbox 640 3904 3078 4017; baseline 0.007 -46"><span class='ocrx_word' id='word_1_375' title='bbox 640 3904 1022 4001; x_wconf 29' lang='lat' dir='ltr'>astionem&amp;</span> <span class='ocrx_word' id='word_1_376' title='bbox 1050 3930 1180 4002; x_wconf 85' lang='lat' dir='ltr'>qua</span> <span class='ocrx_word' id='word_1_377' title='bbox 1212 3908 1537 4007; x_wconf 86' lang='lat' dir='ltr'>navigium</span> <span class='ocrx_word' id='word_1_378' title='bbox 1570 3916 1605 3987; x_wconf 70' lang='lat' dir='ltr'>a</span> <span class='ocrx_word' id='word_1_379' title='bbox 1641 3937 1808 3985; x_wconf 85' lang='lat' dir='ltr'>terra</span> <span class='ocrx_word' id='word_1_380' title='bbox 1839 3912 2125 4002; x_wconf 85' lang='lat' dir='ltr'>recedit,</span> <span class='ocrx_word' id='word_1_381' title='bbox 2158 3940 2296 3987; x_wconf 90' lang='lat' dir='ltr'>non</span> <span class='ocrx_word' id='word_1_382' title='bbox 2332 3922 2659 3988; x_wconf 85' lang='lat' dir='ltr'>minorem</span> <span class='ocrx_word' id='word_1_383' title='bbox 2705 3917 2827 3991; x_wconf 72' lang='lat' dir='ltr'>ess‘e</span> <span class='ocrx_word' id='word_1_384' title='bbox 2850 3927 2918 3990; x_wconf 91' lang='lat' dir='ltr'>in</span> <span class='ocrx_word' id='word_1_385' title='bbox 2947 3918 3078 4017; x_wconf 85' lang='lat' dir='ltr'>ipsa</span> 
     </span>
    </p>

    <p class='ocr_par' dir='ltr' id='par_1_7' title="bbox 2902 4042 3076 4092">
     <span class='ocr_line' id='line_1_40' title="bbox 2902 4042 3076 4092; baseline -0.011 -1"><span class='ocrx_word' id='word_1_386' title='bbox 2902 4042 3076 4092; x_wconf 84' lang='lat' dir='ltr'>tetta</span> 
     </span>
    </p>
   </div>
  </div>
 </body>
</html>
