3391 4418
1002 136 1765 222 PHYstcA
1880 140 2142 233 XIV.
2644 178 2786 252 153

469 281 587 328 20.
635 251 1152 354 Sedlargiamur
1185 249 1382 324 semel
1422 257 1649 327 animis
1677 254 2063 355 praejudicio
2081 262 2416 367 occupatis
2438 311 2458 343 ,
2495 283 2567 331 ut
2585 265 2795 335 astio.

331 381 520 437 ‚nem
543 359 795 426 mentis
833 362 901 426 δι
933 356 1232 453 corporis
1261 348 1606 424 sentiendo
1625 363 1702 427 a&
1720 354 2066 456 loquendo
2096 357 2549 445 confundant,
2591 384 2792 460 atque

358 454 526 527 illud
558 479 758 526 omne
794 451 981 552 quod
1005 451 1286 526 sensibus
1302 479 1440 524 non
1461 458 1832 555 percipiunt
1849 484 1975 565 pro
1997 456 2205 529 nihilo
2228 458 2472 532 ducant
2497 513 2517 544 ‚
2548 457 2798 532 refuta-

363 553 577 627 bimus
597 576 810 626 tamen
832 551 1002 654 ipsos
1017 609 1036 636 ‚
1079 552 1459 626 dummodo
1479 556 1513 628 εὶ
1535 561 1811 656 proprio
1828 558 2241 659 iuo'corpore
2262 559 2345 631 ad
2373 584 2656 657 corpora
2677 587 2786 631 ex-

362 680 544 729 terna
578 662 649 726 &
680 655 884 726 aliena
904 659 1141 726 mentis
1159 658 1374 726 aci'e'm
1391 653 1711 757 paulisper
1728 655 1928 729 velint
1946 682 2327 733 convertere
2345 714 2367 747 ‚
2399 686 2537 732 non
2557 658 2786 732 omiffa

357 753 807 828 observatione
827 762 1015 828 tertia
1040 751 1135 826 th.
1169 781 1278 845 13.
2498 786 2506 799 ·
2704 754 2709 761 ⁴

353 884 366 919 x
460 882 571 929 21.
624 855 941 957 Exemplo
976 852 1319 926 ostendam
1354 854 1655 928 evidente
1677 912 1699 943 ‚
1735 883 1872 928 non
1909 857 2119 930 modo
2134 881 2378 932 conatu
2401 859 2595 934 nobis
2610 887 2780 960 opus

344 954 474 1030 esst·
511 982 755 1057 magno
789 955 876 1028 ad
899 980 1184 1053 corpora
1200 979 1457 1026 externa
1475 959 1693 1055 primo
1719 956 2049 1029 movenda
2068 1003 2091 1035 ‚
2129 955 2234 1029 sed
2255 984 2419 1057 opus
2437 967 2630 1031 etiam
2654 958 2776 1030 esst

338 1060 487 1158 >pari
531 1080 782 1131 conatu
817 1052 907 1124 ad
947 1078 1179 1124 eorum
1213 1078 1437 1125 motus
1457 1058 1671 1154 primo
1695 1053 2007 1129 fistendos
2027 1109 2050 1145 ‚
2076 1056 2399 1155 fiquidem
2416 1057 2777 1156 agravitate

347 1153 558 1233 aliisve
582 1152 785 1229 caufis
804 1177 947 1222 non
967 1148 1272 1224 fistantur.

341 1289 347 1292 ⁴
451 1280 563 1328 22.
616 1244 951 1350 Qiescat
970 1255 1145 1320 enim
1166 1255 1345 1349 navis
1364 1258 1430 1321 in
1453 1251 1676 1351 stagno
1697 1251 1920 1350 aliquo
1947 1255 2048 1344 (id
2071 1258 2162 1326 est
2178 1301 2200 1335 ‚
2222 1261 2288 1325 in
2312 1280 2478 1353 aqua
2501 1279 2641 1351 qua:
2662 1255 2775 1325 stat

350 1365 425 1428 δε
459 1378 602 1422 non
626 1354 807 1441 fluit)
857 1358 925 1420 δε
947 1345 1311 1420 videbimus
1331 1376 1472 1420 non
1488 1356 1728 1444 majori
1747 1356 2007 1423 afflone
2031 1379 2199 1452 opus
2220 1352 2340 1424 esse
2359 1351 2444 1425 ad
2464 1352 2642 1423 illam
2659 1356 2783 1423 im-

350 1447 730 1550 pellendam
748 1501 769 1533 ‚
801 1471 873 1519 ut
893 1451 1026 1519 inci
1076 1451 1169 1517 iat
1189 1455 1441 1519 moveri
1466 1501 1487 1531 ,
1519 1447 1717 1543 quam
1738 1446 1823 1518 ad
1842 1451 2117 1523 eandem
2134 1503 2155 1535 ,
2181 1452 2329 1524 cum
2353 1457 2564 1547 jamin
2588 1475 2780 1525 motu

357 1549 487 1633 est,
523 1545 735 1619 subito
759 1474 1166 1619 retinendam
1187 1599 1208 1630 ,
1248 1570 1318 1634 ut
1336 1551 1602 1645 incipiat
1621 1543 1969 1643 quiescere.
2021 1555 2224 1635 Dico,
2225 1549 2445 1644 subit),
2472 1546 2587 1620 nifi
2606 1555 2783 1621 enim

351 1645 498 1719 hoc
518 1646 634 1717 fiat
646 1700 669 1749 2
699 1672 826 1717 nos
850 1644 969 1717 soli
991 1670 1226 1716 navem
1242 1645 1325 1717 ad
1343 1653 1632 1744 quietem
1654 1658 1793 1717 non
1812 1648 2200 1742 reducemus
2217 1662 2235 1734 3
2269 1646 2374 1721 sed
2388 1647 2781 1723 habebimus

351 1747 511 1822 alias
530 1742 743 1819 causas
762 1746 1169 1846 adjuvantes.

341 1886 388 1902 ι’
455 1876 492 1923 2
509 1875 537 1940 3
554 1898 575 1920 .
629 1850 760 1919 Aut
775 1845 819 1917 si
838 1850 1228 1946 experientia
1241 1840 1372 1916 hoc
1388 1849 1455 1915 in
1475 1840 1619 1917 casu
1646 1844 1927 1931 doceat,
1972 1846 2161 1945 quod
2182 1846 2380 1948 paulo
2399 1848 2618 1921 minor
2640 1846 2783 1920 effi·-

347 1954 537 2022 cacia
550 1953 913 2047 requiratur
925 1944 1012 2018 ad
1026 1971 1261 2017 navem
1281 1941 1621 2017 fistendam
1645 1997 1666 2029 ,
1686 1948 1887 2043 quam
1906 1944 2410 2027 admovendam
2432 1993 2451 2029 ‚
2473 1946 2653 2020 causa
2666 1949 2783 2033 est,

345 2047 541 2149 'quod
560 2058 629 2122 &
650 2052 922 2147 gravitas
938 2072 1121 2146 aquae
1138 2099 1158 2128 ,
1196 2070 1392 2144 quam
1412 2052 1587 2118 navis
1607 2046 1821 2118 atollit
1837 2046 1997 2118 dum
2017 2066 2321 2122 movetur
2335 2104 2356 2136 ‚
2400 2058 2471 2122 δε
2492 2047 2782 2146 ejusdem

348 2152 567 2223 lentot
602 2147 1066 2248 (supponimus
1090 2151 1267 2219 enim
1287 2172 1527 2248 aquam
1547 2147 1946 2248 stagnantem
1972 2155 2043 2222 δε
2067 2148 2546 2249 quiescentem)
2579 2154 2784 2246 paula-

341 2254 456 2325 tini
473 2253 825 2323 imminuat
842 2258 980 2347 ejus
1002 2264 1283 2321 motum.

347 2377 366 2412 r
454 2377 570 2440 24.
622 2356 844 2444 Atque
882 2348 1036 2419 hinc
1067 2374 1311 2420 novam
1399 2348 1637 2419 etimus
1673 2341 1924 2420 theseos
1956 2351 2201 2421 ostavae
2235 2360 2303 2425 δε
2327 2376 2519 2425 nonae
2542 2350 2785 2421 confir-

349 2453 721 2523 mationem
739 2499 761 2531 ,
797 2451 1104 2518 nimirum
1129 2500 1150 2531 ‚
1190 2375 1662 2518 cumKocloco
1683 2473 1822 2520 non
1837 2470 2065 2547 agatur
2090 2446 2171 2518 de
2185 2451 2293 2521 illa
2314 2457 2575 2522 afflone
2598 2501 2619 2532 ‚
2639 2471 2783 2544 quae

348 2545 735 2645 intelligitur
749 2543 869 2615 effe
893 2549 962 2614 in
977 2568 1288 2615 movente
1310 2597 1333 2627 ‚
1362 2547 1462 2616 vel
1486 2552 1554 2615 in
1570 2572 1656 2616 eo
1675 2553 1792 2641 qui
1814 2569 2076 2617 motum
2095 2544 2246 2618 sistit
2262 2592 2283 2625 ,
2301 2549 2528 2616 verum
2549 2544 2632 2614 de
2647 2541 2782 2615 sola

350 2646 774 2723 transsatione
793 2694 815 2727 ,
852 2666 927 2714 ac
961 2641 1387 2714 transsationis
1426 2640 1711 2712 absentia
1728 2695 1749 2726 ‚
1785 2640 1891 2712 seu
1921 2647 2141 2738 quiete
2161 2686 2182 2715 2
2219 2639 2628 2712 manifestum
2665 2641 2741 2710 fit
2761 2692 2783 2722 ,

347 2749 522 2821 hanc
545 2743 1029 2820 transsationem
1048 2763 1221 2813 extra
1241 2764 1477 2840 corpus
1494 2763 1757 2811 motum
1774 2737 1897 2811 effe
1919 2764 2060 2809 non
2079 2737 2283 2838 poffe.
2334 2746 2432 2812 Ita
2459 2763 2580 2809 nec
2599 2741 2784 2837 quies

350 2852 446 2925 est
459 2871 634 2922 extra
649 2868 788 2916 rem
809 2840 1247 2941 quiescentem
1268 2893 1290 2927 ,
1306 2866 1425 2912 nec
1456 2837 1636 2911 seffio
1656 2864 1830 2914 extra
1846 2833 2188 2939 personam
2212 2836 2566 2914 sedentem.

453 2978 490 3023 2
505 2974 569 3043 5.
608 2941 1227 3044 Qemadmodum
1244 2947 1440 3014 etiam
1453 2937 1866 3012 manifestum
1881 2940 1991 3022 est,
2016 2938 2147 3012 hoc
2164 2967 2402 3044 corpus
2424 2941 2554 3013 alio
2566 2936 2781 3012 modo

353 3048 417 3123 se
431 3048 675 3120 habere
691 3090 715 3126 ‚
760 3043 915 3117 cum
936 3039 1309 3118 transfertur
1327 3040 1431 3115 seu
1445 3065 1757 3114 movetur
1773 3096 1795 3127 ,
1824 3049 1893 3114 &
1916 3039 2051 3122 alio
2072 3095 2093 3128 ,
2139 3043 2290 3115 cum
2315 3070 2453 3114 non
2479 3037 2781 3114 transfer·
2868 3111 2871 3116 .

353 3176 462 3225 tur
481 3200 504 3236 ‚
538 3146 682 3232 stu,
723 3146 879 3218 cum
892 3143 1196 3246 quiescit:
1227 3143 1397 3216 adeo
1418 3167 1491 3215 ut
1512 3167 1734 3215 motus
1754 3153 1823 3216 δε
1848 3147 2032 3241 quies
2051 3141 2208 3214 nihil
2223 3143 2403 3216 aliud
2425 3149 2489 3214 in
2516 3168 2600 3216 eo
2621 3137 2742 3214 fint
2759 3189 2780 3219 2

351 3249 560 3352 quam
582 3247 719 3319 duo
743 3245 972 3322 diversi
991 3239 1169 3319 modi.

452 3360 567 3422 26.
620 3354 841 3420 Genus
857 3360 1044 3419 Motus
1055 3349 1485 3448 propinquius
1500 3389 1521 3424 ‚
1559 3341 1756 3441 quam
1774 3341 1908 3413 hoc
1930 3339 2135 3441 ipsum
2154 3346 2353 3416 Modus
2377 3397 2399 3431 ‚
2428 3340 2619 3417 nobis
2637 3341 2785 3414 nul-

348 3451 493 3524 lum
533 3474 873 3523 occurrere
918 3446 1014 3522 th.
1062 3474 1135 3522 11
1167 3444 1474 3520 vidimus.
1537 3443 1831 3516 Notabis
1860 3467 2077 3515 autem
2095 3444 2280 3539 quod
2305 3451 2410 3517 Lo
2456 3449 2538 3517 ici
2556 3446 2630 3531 ‘in
2652 3445 2788 3514 Ca-

355 3555 629 3655 tegoriis
662 3553 893 3622 Motui
955 3554 1243 3649 ropriam
1265 3544 1482 3618 sedem
1504 3571 1647 3617 non
1666 3542 2060 3644 affignarunt
2082 3597 2103 3627 ,
2143 3543 2320 3642 quafi
2337 3572 2422 3619 nu
2453 3541 2665 3617 lumin
2682 3565 2787 3611 re-

355 3679 503 3726 rum
537 3647 887 3755 generibus
906 3576 1137 3722 focum
1174 3670 1532 3728 mereretur
1563 3647 1628 3717 id
1658 3653 1841 3738 cujus
1864 3641 2189 3714 beneficio
2210 3652 2445 3718 cuncta
2461 3644 2542 3714 ad
2559 3641 2785 3714 locum

354 3750 540 3826 suum
584 3757 892 3835 veniunt,
928 3758 1113 3845 cujus
1153 3754 1219 3818 in
1256 3743 1552 3817 universo
1591 3752 1682 3817 vis
1717 3739 2091 3816 &efficacia
2107 3743 2197 3812 est
2219 3747 2431 3818 multo
2460 3749 2736 3820 maxima
2763 3783 2787 3815 ³

354 3877 427 3927 ut
455 3850 737 3955 praeced.
769 3846 929 3949 disp.
965 3851 1339 3920 docuimus,
1393 3852 1472 3917 In
1513 3848 1869 3944 Categoria
1896 3842 2164 3942 quidem
2192 3849 2594 4016 Qanfflmss
2627 3842 2794 3912 Mo-

360 3973 505 4030 tum
539 3953 662 4029 esse
695 3975 1012 4050 quantum
1036 3974 1156 4050 per
1176 3943 1479 4020 accidens
1507 3949 1689 4019 aiunt
1706 3998 1729 4033 ,
1762 3966 1827 4015 at
1847 3949 2223 4040 quantitatis
2269 3950 2525 4046 peciem
2540 3939 2661 4012 effe
2681 3960 2792 4005 ne-

1823 4048 1894 4118 V
2610 4047 2792 4130 gant·
