3391 4418
1092 159 2317 261 conjunct-rof
2730 180 2893 287 385

457 281 499 354 ἃ
529 276 675 352 solo
708 271 959 350 Mentis
994 267 1099 344 stu
1132 272 1434 373 principii
1477 265 1933 373 cognoscentis
1973 265 2236 349 defectu
2264 272 2890 376 proficisciconcin.

454 380 646 454 fimus
682 374 936 451 Theor.
956 377 1103 449 Viv.
1133 395 1222 468 52
1282 426 1299 446 .
1362 376 1537 474 Qae
1569 377 1767 445 etiam
1792 367 1974 447 caufi
1991 371 2082 444 est
2098 399 2216 448 eur
2233 373 2445 452 bestiae
2461 380 2688 461 multis
2706 388 2878 468 adeo

451 468 590 554 non
618 476 742 552 fint
768 475 1068 550 obnoxiae
1084 398 1434 546 affedibus
1451 525 1475 561 ‚
1502 472 1604 549 vel
1622 469 2162 577 potius-motibus
2178 528 2204 565 ,
2227 482 2598 579 cujusmodi
2614 490 2875 577 nostros

443 578 716 654 'affectus
736 579 1037 651 comitari
1063 570 1300 648 solent.
2188 658 2191 661 Α
2836 588 2871 659 f

548 707 575 756 1
594 707 656 754 2.
705 678 919 753 Porro
961 677 1117 751 cum
1152 671 1527 751 functiones
1555 679 1759 749 animi
1781 699 2013 747 omnes
2033 676 2119 751 ad
2141 678 2280 755 duo
2298 692 2629 792 praecipua
2650 696 2869 794 capita
2999 680 3008 688 ⁶

436 803 853 868 revocentur,
896 782 1193 852 afflones
1219 773 1324 851 {eu
1343 778 1715 852 voluntates
1733 826 1755 864 ‚
1789 784 1863 849 δε
1886 773 2210 878 paffiones
2227 778 2334 858 seu
2351 794 2814 893 perceptiones
2832 839 2864 877 ‚

429 904 713 979 utroque
739 878 1163 953 funffionum
1188 901 1425 979 genere
1445 923 1473 959 ‚
1496 885 1523 972 (
1543 877 1793 981 loquor
1813 875 1898 949 de
1910 880 2260 980 generibus
2277 883 2695 991 fingulamm,
2712 919 2857 973 non

426 980 513 1053 de
547 978 814 1083 lingulis
845 1001 1200 1079 generum,
1236 976 1491 1054 Theor.
1513 985 1660 1055 viv.
1692 992 1739 1051 6
1746 978 2063 1078 61.sqq.)
2103 989 2124 1053 i
2173 982 2233 1056 st:
2260 989 2341 1062 ad
2380 1016 2620 1094 corpus
2650 991 2856 1071 refer·
2919 1052 2927 1061 ·

421 1104 564 1162 tur,
598 1082 848 1182 agentis
878 1075 1076 1149 simul.
1095 1085 1169 1150 &
1187 1084 1488 1177 patientis
1509 1077 1763 1154 diverso
1781 1076 2075 1180 respeetu
2122 1080 2432 1185 uscipiens
2448 1100 2806 1175 rationem.
2957 1098 2965 1107 ⁸

527 1206 627 1277 ¹3·
680 1184 771 1252 At
802 1180 1058 1274 inquis,
1091 1178 1245 1249 cum
1273 1184 1341 1249 in
1374 1204 1656 1280 corpore
1686 1182 1891 1252 multa
1919 1178 2084 1258 sint,
2119 1190 2560 1284 magnitudo,
2594 1195 2854 1294 figur-2³5

416 1277 574 1351 fitus
587 1329 611 1365 ‚
635 1297 860 1349 motus
885 1331 907 1359 ..
937 1281 1125 1375 quies
1144 1330 1166 1360 ,
1191 1282 1420 1350 nonin
1439 1279 1663 1352 multis
1682 1286 1754 1351 δε
1776 1283 1967 1351 variis
1981 1333 2005 1365 ,
2025 1282 2215 1377 quod
2234 1286 2504 1382 quidem
2525 1290 2846 1392 adipsum

413 1382 647 1449 attinet
666 1430 689 1463 ,
726 1378 956 1450 verum
977 1378 1048 1448 in
1069 1374 1211 1450 solo
1228 1402 1422 1450 motu
1441 1380 1858 1474 conjunctim·
1875 1375 1959 1447 de
1982 1404 2115 1475 qua
2137 1404 2310 1458 nunc
2330 1395 2576 1490 agitur,
2593 1388 2708 1464 fita
2727 1396 2841 1473 est.
2968 1417 2971 1421 ’

513 1502 626 1574 ¹4·
674 1482 830 1574 Resp.
880 1502 940 1550 1.
962 1481 1166 1576 Atqui
1206 1499 1428 1549 motus
1464 1477 1558 1549 est
1575 1482 1898 1575 praecipua
1915 1485 2213 1578 corporis
2246 1483 2553 1575 affeffio,
2585 1498 2659 1567 ὃς
2691 1518 2843 1595 quae
2936 1489 2947 1495 ⁹

407 1575 678 1669 majoris
700 1576 793 1669 est
813 1582 1134 1648 varietatis
1152 1602 1356 1677 capax
1373 1629 1396 1662 ,
1411 1574 1611 1674 qudm
1631 1574 1756 1647 alia
1775 1598 2200 1676 quaecunque.
2370 1639 2379 1647 .
2662 1620 2669 1628 ·
2710 1619 2718 1631 ·
2838 1588 2843 1595 '

507 1700 536 1749 1
552 1697 581 1772 ς
597 1726 618 1749 .
655 1679 826 1774 ³Resp.
845 1666 1165 1749 2.'Motus
1195 1680 1287 1749 est
1316 1675 1474 1747 illud
1499 1672 1706 1776 ipsum
1723 1730 1744 1762 ,
1780 1674 1970 1773 quod
1993 1678 2076 1747 ad
2096 1686 2332 1756 vitatem
2351 1684 2522 1761 hanc
2549 1699 2836 1790 conjun-

402 1777 698 1848 &ionem
717 1824 740 1855 ,
776 1782 802 1866 (
823 1799 1044 1877 repete
1059 1782 1209 1879 cap.
1227 1784 1361 1873 X.)
1394 1799 1708 1876 quantum
1726 1782 1794 1850 in
1816 1801 2098 1879 corpore
2117 1776 2309 1856 fitum
2328 1788 2452 1874 est,
2474 1795 2835 1869 maximum

398 1871 587 1949 affert
607 1900 1047 1950 momentum.
2818 1944 2826 1955 -

494 2002 524 2052 1
540 1988 607 2048 6.
632 1979 794 2072 Resp.
822 2002 884 2072 3.
905 1985 1025 2052 Per
1042 2000 1307 2054 motum
1329 1976 1415 2052 ab
1434 1984 1649 2053 anima
1665 1984 2062 2083 imperatum
2084 1996 2380 2088 corporis
2399 1991 2597 2066 nostri
2608 1996 2833 2067 mem-i

388 2072 506 2147 bra
534 2073 818 2150 diversas
846 2084 1173 2180 accipiunt
1177 2081 1400 2175 figuras
1421 2081 1787 2177 &pqln’tiones
1797 2135 1819 2169 ,
1835 2081 1995 2158 haut
2016 2082 2194 2161 secus
2212 2114 2292 2161 ac
2312 2090 2605 2167 sensuum
2622 2098 2831 2168 inter-0⁴

382 2172 798 2251 venientibus
834 2179 1370 2278 perceptionibus
1398 2179 1484 2254 ad
1516 2189 1687 2256 varia
1726 2184 2099 2286 appetenda
2135 2190 2240 2266 vel
2260 2190 2609 2269 aversanda
2631 2220 2837 2285 men&

385 2272 675 2353 humana
708 2274 1098 2375 disponitur.
1924 2343 1930 2347 ,
2097 2331 2101 2336 .
2814 2351 2823 2357 ,

489 2398 517 2442 r
531 2399 600 2460 7.
655 2375 740 2443 Et
758 2374 897 2470 quo
924 2382 1136 2471 major
1165 2372 1283 2445 ista
1310 2379 1379 2447 in
1399 2400 1468 2448 re
1486 2383 1784 2478 corporis
1810 2388 2044 2464 intuitu
2060 2395 2335 2468 varietas
2355 2395 2685 2477 eluceret3
2717 2389 2817 2465 sa-

381 2468 814 2568 pientiffirnus
837 2471 1282 2546 Microcosmi-
1306 2477 1651 2552 Conditor
1683 2489 1912 2559 animae
1944 2491 2178 2562 nostrae
2215 2492 2340 2564 tale
2369 2520 2453 2565 co
2534 2516 2606 2565 us
2624 2488 2815 2563 addi-

384 2565 488 2640 dit
508 2619 534 2662 ,
567 2567 757 2665 quod
795 2594 938 2642 non
968 2597 1102 2643 una
1122 2572 1414 2670 quadam
1446 2584 1765 2652 continua
1785 2584 1966 2655 mole
1997 2585 2367 2664 extensum,
2398 2590 2458 2661 se
2528 2594 2813 2662 variisne

379 2661 670 2740 discretis
702 2673 962 2771 organis
992 2673 1373 2744 instruetum
1399 2677 1533 2762 est,
1566 2675 1820 2749 Theor.
1852 2687 2002 2754 viv.
2050 2703 2213 2774 593.
2239 2682 2333 2782 sq.
2380 2694 2413 2777 (
2504 2686 2593 2756 ιιὸ
2657 2691 2811 2756 erti-

375 2790 539 2840 nent
573 2770 774 2842 etiam
812 2795 959 2870 quae
990 2767 1075 2843 de
1110 2772 1564 2873 magnitudine
1597 2781 1902 2878 corporis
1932 2777 2203 2853 humani
2238 2693 2813 2863 diximcss'sgeorae

330 2903 338 2911 ‘
378 2876 554 2943 680·
1906 2895 1929 2906 -

479 2878 598 3063 183
640 2973 807 3047 Hoc
849 2979 1026 3048 enim
1061 2999 1144 3076 ap
1196 2996 1377 3048 aratu
1405 2975 1686 3053 efficitur
1708 3023 1733 3060 2
1768 3005 1843 3055 ut
1870 3006 2011 3056 non
2044 2981 2261 3081 modo
2300 3007 2522 3062 totum
2553 3012 2638 3062 eo
2720 3010 2809 3062 us·

370 3064 595 3153 fimnl,
634 3077 866 3148 verum
898 3083 1094 3171 etiarn
1153 3101 1187 3145 e
1239 3078 1468 3150 atatim
1492 3078 1626 3153 haec
1660 3080 2134 3185 &illa-organa
2156 3084 2665 3168 distinfflsmoti
2719 3109 2809 3164 us‘

370 3175 693 3268 agitentur
724 3200 799 3247 ac
841 3176 1085 3250 diversa
1129 3202 1173 3249 ο
1223 3178 1397 3274 Ῑεᾶα
1436 3178 1694 3257 diversis
1718 3182 1955 3259 modis
1981 3185 2307 3266 indicent:
2348 3194 2610 3293 Repete
2640 3213 2792 3293 capa
2916 3251 2919 3252 ν

367 3272 554 3340 XIX.
580 3297 640 3344 2.
667 3281 738 3346 δε
759 3274 1006 3354 Theor.
1035 3282 1185 3351 Viv.
1207 3283 1244 3349 8
1264 3302 1371 3374 14.

467 3392 578 3455 19.
593 3377 935 3474 Qantum
978 3378 1136 3453 vero
1174 3376 1338 3450 illud
1354 3376 1439 3452 ad
1451 3386 1780 3477 majorem
1798 3393 2097 3490 corporis
2110 3393 2443 3488 animique
2463 3393 2785 3463 unionem

361 3466 702 3549 conferat,
734 3500 811 3545 ex
839 3475 974 3550 hoc
1012 3476 1392 3580 intelligitur
1426 3482 1775 3582 exemplo:
1811 3488 1997 3587 quod
2029 3499 2246 3590 major
2278 3494 2370 3566 est
2393 3489 2805 3587 conjunffiw

356 3574 531 3642 inter
553 3568 843 3672 linguam
876 3586 948 3650 δε
981 3577 1324 3676 objectum
1346 3633 1369 3668 ,
1401 3579 1447 3650 fi
1467 3605 1605 3655 non
1639 3584 1850 3659 modo
1882 3612 2150 3691 tangat,
2173 3590 2284 3663 sed
2306 3595 2502 3662 etiam
2521 3587 2733 3691 gustet
2750 3601 2797 3676 ,2

354 3667 430 3741 id
460 3671 591 3749 est,
623 3696 761 3744 non
784 3676 996 3748 modo
1019 3702 1159 3750 tota
1176 3678 1358 3751 mole
1394 3687 1802 3777 conjundixim
1820 3739 1843 3774 ,
1875 3686 1985 3761 sed
2008 3688 2343 3791 particulis
2364 3713 2633 3790 quoque
2652 3684 2781 3766 suis

350 3765 696 3873 stparatim
720 3772 885 3847 illud
913 3781 1204 3878 attingat.
1253 3775 1511 3851 Theor.
1531 3788 1682 3856 Viv.
1697 3810 1788 3873 91
1811 3811 1871 3860 r.

456 3897 588 3946 zo.·
622 3875 1092 3974 anobtem
1120 3881 1215 3949 uti
1239 3882 1510 3978 majoris
1526 3881 1779 3956 Mundi
1795 3884 2350 3985 pulchritudinem
2372 3891 2442 3960 in
2457 3909 2773 3989 generum

354 3988 439 4041 te
464 3968 832 4076 specierum
861 3975 1273 4083 plenitudine
1297 4005 1646 4087 rerumque
1680 3989 1991 4064 varietate
2025 3995 2310 4071 Creator
2332 3985 2547 4091 voluit
2561 3979 2779 4152 cgn‘fi-

373 4085 382 4088 Α
1698 4095 1876 4172 Ccc
1928 4117 1978 4187 ²!
2637 4098 2672 4147 ²
2707 4100 2775 4174 θ’»
