3391 4418
650 126 758 253 ’,ἱ
1322 154 1459 239 ·Ρ·
1532 185 1625 238 ff.
1722 182 1774 237 Y
1898 180 1934 236 s
2037 181 2094 236 ‘1
2179 182 2263 235 ·c
2333 180 2590 235 A·
2915 260 2918 263 ,

642 285 712 351 in
750 273 954 350 corbe
976 271 1224 349 vimina
1250 267 1609 367 conjunffla
1636 323 1661 349 .
1721 294 1858 369 quo
1893 276 2143 363 majora
2179 275 2250 341 ὅ(
2283 264 2630 348 crassiora,
2673 266 2759 339 eb
2788 275 3076 363 majores

649 389 720 454 δε
733 384 1076 480 pauciores
1088 397 1342 447 meatus
1358 370 1770 470 relinquunt3
1805 368 2033 441 contra*
2053 369 2192 466 quo
2214 374 2472 440 minora
2491 375 2563 439 &
2583 362 2947 442 subtiliora.
3047 415 3056 422 ·

664 500 671 507 ’
750 501 915 574 345.
975 478 1138 549 Non
1170 475 1321 546 raro
1348 498 1464 573 per
1502 470 1789 545 cumdem
1815 496 2071 572 potum
2112 472 2315 539 currit
2362 465 2708 563 multiplex
2744 478 3016 541 materia
3045 514 3071 549 ‚

652 603 808 652 tunc
849 573 1190 678 praesertim
1222 629 1243 661 ,
1297 576 1450 646 cum
1489 573 1572 643 ab
1608 597 1740 644 una
1770 570 2106 643 definitam
2130 568 2405 669 figuram
2440 575 2511 641 δι
2544 569 3073 668 magnitudinem

648 677 938 750 habente
954 671 1209 778 prorsus
1223 672 1752 774 impleri'fiequit.
1802 674 1864 750 §.
1888 699 1918 745 2
1933 697 1972 760 9
1988 688 2053 742 2.

600 856 615 867 ἢ
762 789 925 873 346.
973 779 1206 849 ‘Currit
1224 771 1560 873 multiplex
1577 775 1688 843 illa
1708 776 1979 844 materia
2007 775 2430 871 perperos-in
2450 790 2667 867 partes
2681 775 2883 843 etiam
2908 795 3075 843 con-

652 886 908 954 uarias,
943 878 998 976 §.
1031 902 1191 974 203.
1243 875 1539 949 Velutiin
1555 869 2048 973 clepsammidio
2068 893 2261 941 arena
2277 865 2708 942 descendente
2732 874 2839 942 a‘e'r
2858 866 3076 943 ascen-

656 978 777 1057 dit.
798 978 859 1079 §.
890 1002 913 1047 1
934 1002 1041 1076 33.
2705 1022 2711 1028 ·

755 1104 921 1174 347.
972 1084 1144 1180 Q
1166 1078 1232 1147 in
1246 1073 1427 1176 poris
1444 1068 1866 1146 continentur
1880 1093 2141 1143 motum
2161 1073 2459 1169 corporis
2477 1064 2700 1169 porofi
2716 1063 3073 1166 lequuntur

650 1176 738 1249 ab
760 1204 845 1250 eo
867 1175 1083 1253 delata
1125 1203 1143 1245 z
1176 1177 1273 1248 uti
1302 1179 1529 1248 vinum
1564 1169 1848 1271 sequitur
1873 1196 2134 1244 motum
2163 1169 2374 1247 dolii,
2407 1195 2575 1269 aqua
2590 1191 2854 1241 motum
2869 1163 3070 1269 spon-

644 1282 802 1378 giae‚
847 1285 979 1350 &c.
1027 1280 1133 1349 Sic
1157 1283 1226 1348 &
1261 1275 1531 1377 figuram
1556 1278 1907 1346 imitantur.
1962 1274 2024 1349 5.
2058 1274 2218 1345 288.
2563 1304 2568 1309 ·

756 1380 909 1474 348.
968 1370 1212 1447 Porosa
1237 1398 1523 1474 corpora
1546 1370 1893 1445 inserviunt
1920 1370 2003 1443 ad
2036 1392 2248 1472 partes
2265 1368 2532 1460 alicujus
2549 1372 2751 1441 totius
2770 1365 3070 1443 dividen-
3127 1430 3146 1437 -

647 1475 764 1548 das
793 1488 869 1546 ac
898 1471 1323 1576 separandas:
1363 1481 1453 1546 ita
1485 1477 1747 1574 pectine
1766 1471 2148 1546 dividuntur
2165 1470 2400 1571 capilli,
2419 1473 2815 1541 carminatur
2831 1468 3066 1543 lana&

643 1574 851 1645 linum
872 1605 891 1659 3
923 1573 1193 1672 fiphone
1215 1582 1281 1647 in
1301 1579 1504 1646 varias
1525 1598 1738 1668 partes
1757 1572 1842 1644 ad
1859 1572 2139 1646 modum
2155 1570 2390 1671 pluviae
2403 1565 2786 1672 dispergitur
2806 1595 2997 1669 aqua.

752 1699 914 1764 349.
961 1679 1313 1771 Speciatim
1342 1671 1694 1743 inserviunt
1721 1671 1820 1747 ‚ad
1841 1668 2171 1744 craffiores
2192 1666 2542 1770 compositi
2563 1669 2835 1770 alicujus
2849 1694 3066 1771 partes

644 1770 682 1842 Ξ
721 1769 1165 1843 subtilioribus
1193 1768 1606 1841 secernendas
1648 1775 2041 1867 :quoniam
2080 1768 2182 1842 his
2209 1796 2330 1870 per
2363 1791 2618 1841 meatus
2639 1771 3020 1845 ,transmiffis
3040 1824 3064 1855 ,

645 1870 753 1944 illa
770 1870 1245 1970 relinquuntur.
1296 1869 2054 1971 Exemplaoccurtuntin
2078 1874 2192 1955 iis,
2231 1895 2375 1968 quae
2391 1868 2636 1956 cribro,
2659 1870 2860 1951 colo,
2892 1898 3063 1973 pan-

647 1999 741 2046 no
759 2028 781 2059 ‚
823 1972 1043 2043 corbe·
1060 1970 1428 2043 cribrantur
1446 1970 2026 2071 aut'percolantut.
2075 1973 2235 2043 Reti
2264 1967 2640 2070 separantur
2665 1969 2867 2072 pisces
2883 1972 2968 2045 ab
2992 1996 3064 2043 a-

620 2081 803 2173 ‘quffi
819 2074 1078 2171 pectine
1102 2070 1337 2141 insecta
1354 2071 1389 2141 εἴ
1403 2071 1575 2171 pilis,
1595 2078 1728 2145 δίε.
2713 2130 2718 2133 Α

650 2198 663 2207 ·
751 2166 783 2270 3
800 2178 915 2266 50.
969 2175 1505 2270 Corrumpuntur
1545 2176 1695 2271 pori
1741 2168 1798 2245 ι’.
1817 2168 2135 2265 surdiora,
2174 2196 2247 2252 ut
2286 2168 2329 2243 fi
2356 2169 2531 2274 ligna
2564 2167 2891 2246 vermibus
2908 2196 3062 2244 ero-

645 2271 708 2345 sa
748 2285 1172 2372 rumpantur:
1208 2277 1307 2343 vix
1341 2277 1519 2343 enim
1554 2277 1898 2376 contingat
1914 2296 1986 2345 ut
2001 2269 2323 2371 ejufinodi
2354 2270 2635 2347 fradlura
2660 2272 3062 2350 nonincidat

645 2379 715 2444 in
741 2371 1085 2446 dimidiata
1108 2369 1457 2459 foramina,
1477 2370 1842 2463 secundum
1853 2399 1931 2445 ea
1951 2393 2094 2472 quae
2113 2373 2388 2447 diximus
2413 2378 2475 2453 §.
2502 2401 2668 2473 244.
2729 2439 2734 2444 ,

647 2498 665 2508 ·
742 2484 903 2568 351.
960 2473 1098 2546 Hic
1138 2498 1357 2546 tamen
1384 2474 1420 2544 ὲ
1448 2471 1802 2546 dimidiatis
1826 2471 2261 2547 foraminibus
2294 2475 2381 2547 ad
2404 2479 2685 2547 invicem
2723 2472 3058 2574 applicatis

642 2570 849 2645 rursus
877 2580 1008 2646 inte
1059 2599 1125 2645 ra
1148 2574 1348 2646 fiunt:
1377 2570 1537 2646 ficut
1553 2599 1820 2675 apparet
1840 2579 1907 2645 in
1927 2572 2048 2646 illis
2072 2575 2545 2661 instrumentis,
2580 2570 2822 2673 quibus
2832 2573 3058 2673 plum·

644 2671 803 2746 bum
820 2601 1242 2774 liquefgaetum
1257 2680 1320 2746 in
1336 2670 1651 2774 globulos
1669 2679 1952 2775 cogitur.
2447 2747 2452 2748 γ
2807 2733 2814 2746 .
2843 2715 2848 2720 ·

748 2767 827 2866 3'5
848 2804 911 2848 2.
964 2804 1025 2849 2.
1070 2773 1432 2869 Bistoniam,
1485 2777 1641 2850 cum
1665 2801 1903 2871 eorum
1936 2776 2144 2876 figura
2178 2782 2250 2847 δε
2281 2773 2438 2847 ficus
2466 2796 2838 2860 mutantur,
2870 2769 3053 2847 ficuti

641 2879 927 2944 cernitur
970 2879 1038 2941 in
1073 2878 1193 2942 reti
1227 2872 1327 2941 vel
1358 2899 1580 2969 panno
1619 2882 1684 2947 in
1713 2874 1983 2947 alteram
2023 2899 2281 2976 partem
2325 2871 2775 2949 vehementius
2825 2878 3056 2951 tracto.

636 2973 860 3046 Simile
888 2975 1106 3070 cogita
1124 2968 1263 3038 fieri
1288 2967 1450 3038 dum
1468 2995 1651 3042 arcus
1666 2974 2044 3046 intenditur.
2209 3035 2212 3038 .

728 3081 768 3161 ‘3
792 3097 823 3166 5
845 3099 906 3162 3.
970 3097 1026 3160 3.
1073 3059 1451 3162 Olfirufflone
1495 3113 1518 3145 ‚
1593 3070 1870 3164 quando
1916 3077 2184 3144 materia
2231 3075 2300 3143 in
2340 3076 2415 3144 iis
2452 3071 2716 3172 quiescit
2747 3119 2771 3152 s
2809 3081 2882 3152 ‚6-
2930 3085 2975 3144 6
2981 3081 3052 3163 7.

629 3168 735 3242 vel
780 3170 1021 3242 tardius
1054 3192 1360 3243 movetur
1384 3220 1405 3252 ,
1447 3171 1695 3246 §.202.
1742 3175 1810 3240 δι
1845 3168 2027 3242 alteri
2047 3169 2383 3245 mobiliori
2404 3171 2947 3273 viamp'raecludit.

740 3296 901 3370 354.
947 3276 1050 3343 Sic
1072 3291 1456 3371 aquaporos
1475 3270 1774 3341 velorum
1799 3267 2111 3357 obstruit,
2138 3296 2454 3368 quatenus
2473 3277 2716 3347 tardius
2744 3295 3052 3347 movetur

632 3376 778 3446 a‘e‘te
802 3424 822 3460 ,
867 3378 933 3464 55.
955 3380 1046 3444 26
1056 3399 1116 3464 3.
1164 3368 1368 3443 unde
1394 3368 1550 3442 velis
1584 3365 2008 3448 madefactis,
2047 3395 2126 3441 ac
2153 3372 2437 3470 proinde
2470 3370 2803 3446 transitum
2835 3372 3052 3444 minus

624 3471 906 3547 liberum
949 3496 1147 3545 vento
1194 3467 1752 3558 concedentibus,
1800 3473 1862 3549 5.
1889 3474 2053 3564 ²33·
2115 3468 2410 3546 velocius
2450 3471 2758 3572 procedit
2819 3476 2998 3546 navis
3022 3500 3046 3558 5

626 3575 870 3647 tardius
890 3578 961 3646 iis
980 3569 1323 3644 exficcatis.
1378 3567 1641 3644 Confer
1662 3574 1727 3649 §.
1752 3598 1841 3648 20
1855 3599 1924 3668 5.
2399 3619 2402 3622 ὴ
2771 3575 2776 3580 ’
2837 3617 2838 3620 =

733 3698 891 3765 355.
959 3671 1179 3766 obstrui
1208 3694 1345 3770 quo
1398 3695 1477 3741 ue
1516 3671 2028 3772 dicunturpori,
2069 3671 2225 3743 cum
2256 3673 2658 3777 angustiores
2685 3671 3049 3746 redduntur

618 3777 731 3846 'aut
748 3768 1067 3845 tolluntur
1080 3796 1197 3870 pet
1213 3695 1798 3843 condensationem
1812 3824 1834 3859 ,
1873 3776 1937 3851 §.
1970 3797 2130 3864 3¹9·
2765 3838 2776 3846 .

725 3901 751 3964 3
776 3883 886 3966 56.
943 3870 1199 3944 Contra*
1215 3868 1522 3942 dicuntur
1550 3876 1801 3966 aperiri,
1832 3877 2094 3970 quoties
2112 3867 2546 3949 rarefastione
2563 3871 2916 3944 dilatantur
2933 3896 3048 3946 aut

617 3976 888 4045 materia
913 3970 1181 4047 celerius
1190 3985 1612 4073 percurrente
1628 3971 1981 4075 replentur.

2696 4093 2862 4193 357·
2915 4073 3050 4145 Ni.
3151 4203 3162 4210 “
