3391 4418
1014 145 2236 238 ansrcAXXVI.
2498 182 2548 242 ·,
2662 177 2800 263 213

382 291 573 343 tanto
603 263 725 338 fint
746 261 1088 358 intervallo
1102 262 1141 333 εὶ
1160 259 1355 335 nobis
1375 286 1645 334 remotae
1666 314 1688 346 ,
1721 261 2136 359 quantonsunt
2154 262 2193 332 a
2216 258 2394 334 Sole.
2450 261 2603 331 Nec
2622 260 2800 334 aliud

374 369 597 440 ullum
622 392 861 467 corpus
885 367 1085 464 magis
1103 354 1369 462 appare't
1387 360 1711 435 radiosum
1729 412 1750 447 ‚
1790 363 1825 436 εὶ
1847 389 1983 460 quo
2009 362 2222 432 lucem
2241 360 2359 433 Sol
2376 365 2674 460 accipiat.
2727 369 2795 433 Si

374 470 566 562 quod
602 491 817 538 autem
850 462 1001 536 ess'et
1019 516 1041 548 ,
1089 462 1216 534 fine
1257 462 1468 535 dubio
1501 486 1867 561 appareret.
1937 460 2080 535 Ubi
2112 466 2287 531 enim
2322 459 2665 558 objedkum
2703 457 2793 532 sat

374 593 686 668 magnum
700 574 765 639 &
782 561 1008 637 efficax
1020 564 1111 632 est
1124 563 1208 634 ad
1225 555 1633 638 movendum
1657 557 1902 633 sensum
1924 614 1945 645 ‚
1966 569 2035 633 δε
2055 585 2375 660 organum
2394 557 2598 631 sensus
2622 558 2790 632 bene

374 664 747 764 dispofitum
772 720 792 751 ,
824 663 953 735 hoc
972 660 1056 733 ab
1074 661 1189 735 illo
1212 669 1465 737 moveri
1487 658 1736 734 necess‘e
1757 663 1869 735 est.
1919 657 2138 734 Uthic
2156 667 2438 735 omuino
2463 658 2675 735 valeat
2689 682 2788 731 te-

374 767 754 842 stimonium
773 762 978 838 sensus
1002 769 1397 863 negativum.

667 1093 1291 1204 Stellafixasfieae
1307 1101 1619 1208 ipfitrum
1637 1094 2082 1209 lucefhlgere
2099 1161 2120 1194 ,
2158 1092 2511 1208 ipfisque‘

1125 1210 1252 1305 -ό-
1269 1214 1491 1293 Solem
1487 1211 1829 1318 flammas
1849 1209 2004 1319 effi».

308 1383 333 1409 0
373 1388 403 1437 1
419 1414 436 1433 .
467 1371 577 1526 S
595 1361 768 1432 Tella
800 1382 1015 1453 quoque
1031 1359 1183 1455 fixas
1209 1409 1231 1447 ,
1259 1363 1398 1430 baur
1418 1357 1578 1456 secus
1605 1381 1670 1428 ac
1697 1359 1883 1427 Solem
1906 1361 2129 1450 propria
2149 1360 2269 1428 tuce
2271 1352 2499 1450 fulgere
2513 1355 2780 1429 arbitra-

588 1486 782 1532 mur:
819 1466 974 1558 quia
1011 1461 1248 1530 1.licet
1283 1456 1700 1530 intervallum
1741 1454 2011 1526 infinitis
2051 1453 2227 1553 quafi
2265 1456 2481 1529 modis
2499 1458 2776 1558 amplius

363 1562 534 1630 inter
564 1558 723 1659 ipsas
746 1568 816 1632 &
838 1584 1120 1644 terram,
1153 1557 1353 1657 quam
1375 1563 1544 1630 inter
1567 1579 1803 1627 terram
1828 1564 1896 1628 &
1924 1553 2209 1651 planetas
2232 1558 2589 1631 intercedat
2613 1604 2635 1638 ‚
2677 1585 2779 1630 ra-

363 1656 512 1730 dios
530 1680 749 1730 tamen
767 1665 971 1760 magis
988 1658 1273 1744 vividos,
1309 1684 1505 1756 quam
1529 1653 2122 1752 ullusplanetarum
2141 1702 2182 1734 ‚-
2204 1658 2495 1743 vibrant3
2538 1685 2574 1731 2
2588 1717 2602 1733 .
2618 1683 2775 1730 cum

356 1756 725 1857 longiffime
763 1760 801 1833 ὲ
831 1760 988 1832 Sole
1022 1758 1290 1845 distent,
1326 1785 1464 1831 non
1485 1755 1742 1829 videtur
1761 1757 1901 1828 fieri
1919 1755 2098 1857 poss'e
2122 1802 2145 1834 ‚
2184 1778 2255 1826 ut
2281 1755 2444 1827 radii
2461 1759 2496 1827 εὶ
2514 1758 2669 1829 Sole
2686 1756 2775 1829 ad

355 1854 521 1955 ipsas
553 1867 922 1946 venientes,
959 1884 1091 1932 tam
1123 1859 1440 1932 immensa
1478 1855 1675 1958 spatia
1708 1855 1809 1928 bis
1834 1855 2225 1929 transeundo
2249 1908 2270 1939 ,
2313 1854 2468 1926 inde
2491 1856 2575 1927 ad
2600 1883 2724 1929 nos
2743 1900 2796 1935 ‚-

352 1966 424 2031 &
457 1960 723 2057 quidem
763 1960 937 2033 adeo
980 1957 1226 2039 fortes,
1260 1960 1555 2032 redeant.
1615 1959 1881 2058 Nempe
1917 1963 1985 2028 in
2011 1953 2389 2055 longiffimo
2424 1955 2543 2028 illo
2576 1964 2779 2028 &re-

344 2064 562 2157 petito
614 2066 846 2135 itinere
884 2062 932 2132 fi
967 2089 1107 2135 non
1142 2066 1427 2134 omnino
1459 2054 1833 2132 evanescere
1867 2102 1891 2136 2
1949 2080 2018 2129 at
2061 2080 2237 2127 certe
2272 2062 2519 2158 magis,
2565 2056 2770 2165 quam

347 2184 524 2232 nunc
576 2161 956 2237 observatur
992 2206 1013 2242 ‚
1065 2158 1473 2263 languescere
1514 2161 1659 2232 istas
1702 2159 2039 2231 radiorum
2073 2160 2239 2231 vires
2275 2156 2523 2231 necesse
2570 2158 2767 2230 ieret.

346 2259 588 2353 Neque
619 2268 794 2332 enim
828 2284 1078 2331 tantam
1112 2268 1246 2333 vim
1283 2259 1406 2333 effe
1445 2258 1709 2329 luminis
1742 2259 1781 2328 a
1818 2283 2102 2358 corpore
2138 2282 2356 2356 opaco
2387 2258 2719 2331 redeuntis
2739 2310 2780 2343 ,-

348 2356 592 2519 Puant‘a
623 2360 714 2424 est
743 2360 779 2427 a
812 2357 974 2428 lucis
1011 2356 1198 2429 fonte
1223 2363 1513 2457 primum
1551 2358 1843 2429 exeuntis
1870 2409 1892 2441 ‚
1937 2377 2123 2458 patet
2161 2357 2462 2456 exemplo
2499 2356 2763 2434 luminis

379 2451 572 2521 olaris
604 2452 649 2519 εὶ
668 2458 856 2520 Luna
893 2456 1104 2524 reflexi
1126 2508 1147 2539 ‚
1179 2483 1316 2551 quo
1335 2452 1831 2527 nox-sublustris
1849 2458 2120 2552 quidem
2145 2507 2168 2538 ‚
2206 2481 2273 2526 ar
2300 2480 2640 2553 nunquam
2662 2461 2776 2525 in--

347 2550 473 2620 star
506 2547 639 2620 diei
673 2547 925 2620 illustris
953 2550 1268 2622 redditur.
1320 2558 1497 2624 Hoc
1533 2578 1756 2623 tamen
1798 2576 2258 2651 argumentum
2301 2576 2441 2620 non
2477 2577 2761 2649 magno-

344 2674 501 2749 pere
524 2671 865 2748 urgemu5‚
896 2652 1048 2745 quia
1079 2672 1185 2719 non
1213 2669 1335 2720 tam
1370 2651 1693 2745 restringere
1725 2653 1868 2718 Solis
1895 2649 2204 2741 efficaciam
2225 2695 2248 2730 ,
2281 2668 2457 2737 quam
2481 2650 2764 2715 fixarum

342 2755 580 2821 virtutes
601 2749 906 2819 extendere
931 2750 1216 2841 cupimus..
1248 2753 1412 2820 Satis
1452 2748 1542 2819 est
1576 2746 1764 2844 quod
1786 2769 1975 2819 tantae
1992 2744 2304 2817 distantiae
2323 2741 2763 2815 consideratio

341 2843 503 2921 facit
536 2870 610 2919 ut
641 2847 1115 2934 existimemus,
1149 2846 1194 2918 fi
1220 2873 1353 2921 tam
1392 2846 1880 2922 vicinieffemus
1903 2845 2093 2918 stellae
2115 2845 2308 2917 alicui
2329 2844 2471 2918 fixae
2490 2897 2514 2931 ,
2556 2841 2760 2943 qudm
2855 2862 2858 2865 “

343 2948 480 3020 Soli
518 2946 769 3034 sumus,
805 2946 1003 3049 ipsam
1037 2942 1194 3022 Sole
1229 2974 1351 3022 nec
1388 2955 1873 3021 minorem-nec
1894 2954 2110 3020 minus
2126 2942 2410 3017 lucidam
2428 2948 2759 3044 apparitu-

347 3072 483 3119 ram
508 3047 654 3121 esse.
842 3134 851 3141 ‘
1070 3044 1077 3057 '
1742 3032 1747 3058 ³

438 3172 504 3218 2—.
559 3150 742 3219 Nam
764 3173 822 3237 3.
841 3144 1250 3220 attendentes
1263 3148 1340 3219 ad
1360 3148 1680 3222 infinitam
1702 3154 1831 3222 Dei
1850 3150 2218 3251 potentiam
2239 3155 2309 3219 &
2330 3144 2702 3218 bonitatem
2719 3188 2768 3223 ‚-

340 3270 540 3343 quam
556 3246 816 3318 calestia
836 3270 1120 3345 corpora
1138 3249 1242 3321 vel
1262 3252 1538 3322 maxime
1568 3247 1770 3323 nobis·
1786 3271 2083 3321 enarrant
2101 3293 2121 3327 ‚
2162 3272 2303 3319 non
2321 3248 2415 3319 est
2436 3272 2548 3318 cur
2565 3269 2755 3343 pute·-

276 3390 279 3395 ·
343 3372 489 3418 mus
514 3398 534 3430 ,
573 3372 697 3419 nos
733 3370 934 3445 opera
963 3352 1093 3419 Dei
1129 3353 1327 3421 nimis
1347 3348 1565 3446 ampla
1588 3358 1657 3423 δε
1679 3348 2037 3448 pulchra&
2058 3345 2349 3419 absoluta
2369 3351 2706 3447 imaginari
2728 3373 2769 3415 :-

342 3446 495 3518 cum
516 3448 787 3543 potius&
805 3453 1135 3520 contrario
1150 3455 1215 3519 in
1236 3475 1320 3521 eo
1342 3450 1376 3517 a
1399 3453 1639 3521 teneris
1653 3475 1889 3521 omnes
1906 3444 2531 3546 pcccarcffisoleamuS,
2555 3442 2747 3543 quod

340 3544 583 3618 limites
610 3548 744 3617 Dei
767 3547 1079 3645 operibus
1098 3546 1294 3621 nobis
1316 3575 1452 3620 non
1475 3551 1662 3621 certo
1687 3555 1994 3649 cognitos
2012 3548 2416 3649 affignamus.
2469 3549 2748 3640 Propoer

398 3646 528 3719 iod
547 3643 754 3745 ipsum
776 3651 969 3716 animi
992 3650 1189 3719 nostri
1204 3654 1433 3719 vitium
1457 3649 1810 3722 verendum
1831 3645 2141 3746 prosc&o
2162 3646 2357 3718 nobis
2372 3645 2487 3729 est,
2507 3669 2588 3715 ne
2612 3670 2768 3715 non·

338 3672 478 3817 gris
515 3743 859 3847 magnifice
899 3745 982 3816 de
1016 3753 1354 3819 Creatotis
1376 3754 1673 3848 potentia
1692 3745 2281 3820 sentire'videamur
2305 3799 2329 3833 ,
2360 3742 2474 3815 nifi
2494 3756 2746 3816 matura

335 3867 520 3916 aetate
535 3843 940 3945 physicarum
960 3871 1176 3919 rerum
1195 3846 1464 3920 studiofi
1483 3873 1776 3920 errorem
1792 3846 2210 3948 corrigamus.
2264 3850 2423 3917 Hoc
2444 3849 2770 3943 ignum-2

232 4004 247 4012 t
336 3946 504 4020 tuitu
525 3942 746 4043 praestat
781 3964 883 4019 tot·
890 3951 1120 4043 propria
1151 3951 1281 4021 tuce.
1293 3948 1593 4046 fulgentia.
1621 3951 1684 4019 in
1713 3950 1845 4120 cogo
1872 3945 2357 4048 corporalitatum
2377 3988 2402 4023 2
2438 3941 2775 4127 ιιιωεβὲῑὶα
