3391 4418
557 139 714 206 ,292
1335 111 1413 193 T
1489 137 1571 194 Η
1629 136 1681 195 Ε
1766 135 1823 192 ο
1901 135 1958 197 ιι
2040 137 2074 194 1
2151 132 2212 194 Α

563 220 873 322 quedam
941 224 1046 295 vel
1105 226 1172 293 in
1232 221 1379 323 ipfis
1435 227 1860 296 excrementis
1906 243 2246 322 apparent.

675 351 700 395 1
718 350 826 421 17.
871 319 1108 397 Cerasa
1126 328 1307 425 nigra
1328 323 1431 398 vel
1449 350 1678 397 moros
1702 326 1892 417 myrti
1914 322 1958 393 fi
1978 318 2347 394 comederis
2366 362 2389 400 ‚
2403 310 2596 394 faeces
2611 317 2991 397 alvi-colore

566 431 758 525 nigro
785 429 1144 528 tinguntur.
1536 459 1541 464 ·

664 530 817 597 ὶιὸ.
874 531 1133 595 Dantur
1171 518 1333 609 alia,
1369 520 1608 621 quibus
1639 520 1925 595 affumtis
1950 517 2526 593 certum'odorem
2548 521 2651 595 vel
2690 524 2996 599 colorem

569 631 755 699 urina
786 628 1051 723 recipit:
1083 628 1378 721 quamvis
1396 628 1530 697 vini
1546 621 1820 722 quidem
1841 621 2017 693 rubri
2033 619 2331 692 colorem
2355 619 2591 693 eadem
2610 649 2748 695 non
2766 624 3000 700 servet.

680 735 841 813 1'19.
895 720 1028 798 Sed
1058 725 1411 799 alimenti&
1435 725 1587 819 fimi
1619 724 1795 800 vit&
1811 741 2022 794 natura
2040 724 2374 816 incorpore,
2406 725 2552 814 quod
2566 747 2628 793 eo
2647 729 2901 798 nutritur
2922 736 2997 800 δε

573 820 840 900 crescit,
872 825 1078 923 magis
1097 828 1295 894 etiam
1314 823 1695 896 custoditur.
2240 907 2248 916 ,
2343 905 2353 914 ,
2461 901 2464 902 ⁷

682 950 707 994 1
726 951 836 997 20.
890 920 1179 995 Tametfi
1210 928 1385 994 enim
1417 930 1482 995 in
1520 920 1907 995 animalibus
1926 927 2278 994 innumerae
2295 920 2951 1020 particulaeexhalent
2966 931 3000 1015 ,'

454 1079 465 1116 s
574 1022 715 1097 aliae
731 1050 850 1123 per
868 1027 1119 1098 utinam
1142 1078 1164 1110 ,
1195 1018 1382 1095 faeces
1403 1022 1527 1095 alvi
1545 1032 1611 1097 δι’
1631 1020 1934 1094 sudorem
1956 1027 2328 1119 ejiciantur-3
2361 1067 2368 1072 ·

678 1151 707 1197 1
725 1150 818 1198 21.
847 1111 1015 1196 Non
1054 1122 1319 1225 poss'unt
1340 1148 1560 1196 tamen
1584 1149 1726 1195 non
1739 1120 1959 1196 multae
1976 1147 2171 1222 potus
2184 1146 2260 1192 ac
2277 1120 2407 1193 cibi
2418 1147 2637 1224 partes
2656 1149 2997 1202 remanere

572 1225 644 1293 in
669 1231 949 1326 corpote
969 1229 1313 1298 animantis
1333 1279 1355 1311 ,
1387 1224 1581 1322 quod
1594 1229 1668 1298 iis
1689 1221 1883 1295 alitur
1894 1249 1968 1296 ac
1985 1247 2332 1323 vegetatur.
2961 1223 2997 1233 “’

676 1355 699 1397 1
716 1353 761 1399 2
778 1356 836 1400 2.
865 1330 971 1399 Sic
994 1324 1295 1400 homines
1308 1348 1381 1397 ut
1396 1324 1750 1427 plurimum
1769 1321 1912 1396 duri
1934 1322 2099 1410 sunt,
2115 1320 2421 1423 quidum
2443 1323 2601 1397 cibo
2621 1324 2954 1405 vescuntur
2971 1357 3006 1407 τ

568 1426 922 1500 delicati&
942 1426 1177 1499 molles
1193 1437 1443 1499 contra.
1482 1434 1489 1443 ’
1624 1489 1631 1494 .
1981 1441 1986 1446 ’
2497 1501 2502 1504 ,

676 1557 699 1599 1
718 1556 752 1600 2
771 1555 832 1621 Ξ.
882 1532 949 1600 Si
972 1533 1192 1603 vinum
1216 1525 1411 1616 bibis,
1431 1527 1612 1599 aliter
1634 1536 1871 1629 corpus
1885 1521 2111 1613 habet,
2126 1549 2201 1597 ac
2217 1522 2263 1597 fi
2284 1526 2579 1601 cerevifia
2600 1530 2702 1602 vel
2724 1557 2895 1630 aqua
2910 1530 2999 1607 fis

572 1641 943 1704 contentus.
1142 1653 1148 1659 ·
1347 1661 1353 1666 ·
1634 1683 1637 1690 ·
2587 1706 2593 1712 .

644 1739 651 1745 “
678 1757 704 1802 1
724 1755 833 1827 24.
887 1725 1225 1802 Scorbuto
1250 1724 1569 1800 'laborant
1585 1726 1889 1801 homines
1905 1732 1975 1800 in
1997 1732 2181 1803 terris
2202 1782 2227 1816 ,
2254 1727 2372 1803 ubi
2393 1724 2556 1802 salfis
2570 1738 2642 1803 &
2663 1726 3012 1805 infamatis·

568 1835 797 1906 vivunt
815 1884 836 1917 ,
876 1831 1071 1902 rarius
1086 1827 1271 1901 alibi:
1311 1852 1408 1901 ex.
1409 1855 1528 1996 (gr.
1550 1825 1663 1900 ubi
1679 1829 2053 1925 totaaliqua
2066 1833 2289 1902 civitas
2301 1825 2576 1901 subsalsi
2589 1831 2860 1930 aquaad
2874 1857 3000 1934 co-

572 1930 878 2028 quendos
895 1929 1177 2000 cibos‘ac
1194 1934 1404 2000 cerevi
1432 1953 1564 1998 tam
1584 1934 1812 2014 utitur,
1828 1928 2101 2004 morbus
2120 1930 2232 2001 iste
2253 1937 2626 2003 communis
2639 1932 2755 2028 est.
2865 2001 2872 2002 ff

679 2032 831 2124 1252.
883 2034 957 2122 In
993 2032 1176 2097 omni
1205 2050 1371 2098 terra
1382 2025 1581 2099 latere
1594 2027 1845 2126 aliquid
1865 2026 2002 2102 (alis
2015 2081 2037 2115 ,
2070 2038 2206 2126 ejus
2221 2038 2288 2101 in
2304 2027 2539 2129 plantis
2556 2031 3000 2128 reliquiae.d0-'

573 2153 748 2201 cent.
804 2135 901 2200 Ita
918 2125 1110 2198 salem
1123 2124 1426 2200 absinthii
1438 2125 1751 2226 Chymici
1767 2126 2040 2211 iaciunt.
2087 2138 2454 2204 Pomorum
2482 2130 2777 2235 exempla.
2788 2135 3003 2211 cuivis

578 2227 814 2321 obvia,
2345 2286 2352 2295 -
2650 2270 2654 2280 ¹
2957 2234 2963 2239 ⁶
2987 2230 3000 2236 ⁴

622 2351 650 2370 ··
681 2357 705 2402 1
727 2343 820 2404 26
824 2377 843 2399 .
896 2332 1190 2407 Maxime
1225 2357 1495 2433 quoque
1538 2330 2003 2409 alimentorum
2040 2358 2274 2409 natura
2292 2336 2361 2406 in
2378 2332 2750 2436 plantatum
2767 2342 2838 2409 δε
2857 2336 3000 2410 ani-

572 2430 850 2515 mallum
873 2429 1192 2507 frmitibus
1213 2434 1337 2507 sese
1358 2429 1667 2535 patefacit
1687 2484 1712 2519 ,
1745 2461 1841 2507 ex.
1858 2462 1955 2537 gt.
1972 2440 2043 2511 in
2061 2440 2230 2510 lade.
2654 2491 2661 2499 ·

662 2534 702 2608 ‘1
719 2559 835 2623 27.
886 2537 1094 2607 Prout
1109 2538 1286 2609 enini
1297 2544 1568 2636 gramen
1594 2545 1706 2607 aut
1721 2536 2222 2612 stramen-vacca
2234 2534 2602 2608 comedunt
2620 2579 2664 2629 ‚t
2683 2541 2776 2611 ita
2800 2544 2870 2610 ὅ(
2889 2539 2998 2630 buaj

566 2657 757 2735 tyrum
770 2633 966 2708 aliam
984 2639 1120 2711 vim
1136 2691 1157 2721 ,
1195 2640 1398 2709 alium
1421 2632 1721 2710 colorem
1743 2644 1812 2710 δε
1833 2635 2130 2738 saporem
2153 2635 2437 2727 obtinet.
2728 2632 2732 2639 ⁴
2839 2632 2846 2639 ’

672 2741 823 2808 128.
878 2743 1048 2809 Vere
1067 2789 1088 2822 ,
1120 2735 1390 2834 quando
1421 2733 1695 2809 floribus
1729 2746 1801 2810 &
1833 2736 2052 2812 herbis
2078 2736 2452 2811 recentibus
2467 2740 2883 2827 nutriuntur,
2916 2736 2996 2812 id

561 2838 889 2933 imprimis
917 2860 1209 2934 apparet.
1258 2835 1424 2909 Inde
1460 2836 1764 2932 butyrum
1797 2855 2070 2914 vernum
2106 2838 2296 2913 valde
2325 2838 2860 2915 commendatur.
2904 2840 2998 2915 Et

560 2932 664 3004 lac
685 2955 839 3004 tunc
861 2941 1179 3032 temporis
1193 2933 1524 3008 salubrius.
1987 2956 1990 2963 “
2917 2978 2928 2984 -

667 3058 822 3121 ¹²9·
875 3033 1135 3106 Notatu
1156 3032 1348 3135 digna
1376 3037 1467 3106 est
1497 3035 1925 3115 Medicorum
1956 3038 2363 3129 observatio,
2393 3040 2580 3141 quod
2614 3040 2727 3116 ubi
2762 3040 2990 3140 planta

567 3157 853 3232 purgans
886 3129 921 3200 ὲ
959 3158 1150 3232 capra
1174 3133 1489 3209 devorata
1518 3133 1645 3210 fuit
1674 3147 1742 3211 δε
1763 3149 1829 3211 in
1845 3141 2108 3236 chylum
2123 3140 2609 3242 vellanguinem
2628 3169 2703 3215 ac
2722 3138 2991 3214 tandem

566 3239 641 3303 in
661 3230 762 3303 lac
783 3233 1088 3305 conversa
1106 3286 1130 3317 ‚
1158 3231 1206 3305 fi
1220 3236 1322 3307 lac
1340 3234 1502 3309 illud
1517 3238 1554 3311 :i
1569 3245 1742 3312 nutri
1751 3266 1829 3333 ce·
1846 3241 2144 3327 bibatur,
2177 3266 2373 3340 atque
2392 3252 2628 3315 iterum
2641 3269 2759 3346 per
2782 3243 2988 3313 varias

563 3337 964 3407 mutationes
991 3338 1059 3405 in
1085 3332 1185 3406 lac
1205 3335 1525 3410 muliebre
1544 3363 1866 3426 vertatur,
1907 3339 2226 3415 infantem
2251 3339 2454 3415 ubera
2475 3341 2808 3444 sugentem
2826 3365 2988 3444 pur-

612 3458 729 3508 an.
1314 3502 1321 3507 .

502 3541 506 3545 “
564 3466 610 3536 g
666 3562 812 3634 ¹30·
865 3538 928 3611 E2
948 3534 1139 3609 distis
1169 3536 1369 3611 etiam
1396 3538 1577 3612 caula
1604 3538 1986 3640 intelligitur
2005 3593 2027 3625 ,
2059 3540 2512 3643 curgenerosae
2533 3552 2607 3618 δε
2625 3542 2811 3617 bona
2825 3566 2989 3645 gau-

563 3630 791 3710 dentes
805 3635 1175 3711 valetudine
1191 3663 1426 3713 matres
1444 3636 1586 3741 ipsae
1598 3639 1849 3712 liberos
1863 3638 2008 3713 suos
2027 3640 2266 3718 lactare
2284 3644 2596 3719 debeant.

668 3759 694 3803 1
718 3762 743 3823 3
767 3762 824 3808 1.
873 3741 1114 3812 Inmelle
1132 3738 1349 3828 idem,
1384 3740 1565 3840 quod
1582 3746 1650 3811 in
1666 3739 1834 3812 lafie
1857 3751 1925 3815 δε
1952 3740 2230 3842 butyro,
2260 3752 2654 3849 experientia
2668 3773 2795 3820 nos
2810 3742 2986 3818 edo-

562 3854 690 3904 cet·
740 3834 953 3909 Unde
980 3844 1203 3938 magni
1218 3842 1481 3913 interest
1495 3839 1860 3938 cujusmodi
1875 3842 2092 3919 herbis
2105 3844 2425 3921 infideant
2444 3871 2616 3948 apes.
2661 3839 2985 3942 Itaque‘in

559 3931 857 4009 Sardinia
889 3934 1027 4011 mel
1057 3941 1149 4012 est
1185 3965 1478 4020 amarum
1500 3997 1523 4037 ,
1560 3947 1716 4044 quia
1749 3942 1994 4047 legitur
2017 3970 2095 4022 ex
2114 3943 2465 4024 abfinthio.
2509 3947 2746 4024 Imoin
2761 3949 2988 4112 Helm-

2830 4066 2867 4113 c
2895 4065 2984 4116 ea
