3391 4418
583 131 753 224 464
1065 106 1765 194 coinon-1⁵
1838 98 2524 185 nrAurnae.

663 234 743 301 -1-.
792 208 998 297 Nulla
1035 225 1100 291 in
1138 211 1462 294 universo
1494 213 1897 318 compositio
1934 219 2294 315 reperitur,
2332 218 2401 282 in
2487 234 2568 282 ua
2606 234 2827 313 partes
2856 242 3047 289 com·

597 348 921 437 ponentes
953 345 1298 420 tantopere
1328 310 1586 389 diversae
1608 369 1630 400 ,
1659 328 1823 386 Mens
1854 313 2221 416 intelligens
2262 321 2330 385 &
2373 238 2606 387 vellens
2628 365 2652 400 ,
2695 326 2911 412 Corpus
2947 345 3056 391 ex-

605 425 857 504 tensum
880 432 949 495 δε
973 418 1226 494 mobile
1242 473 1264 506 ,
1300 442 1434 490 tam
1454 415 1630 488 arete
1655 424 2166 517 conjungantur.

601 529 605 532 ’
704 534 794 602 11.
849 525 1367 619 Conjunguntur
1384 542 1605 590 autem
1627 521 1944 589 virtutum
1969 514 2222 587 suarum
2248 534 2368 614 per
2398 515 2580 586 astus
2605 509 3006 589 transeuntes
3029 570 3053 606 ,

609 629 850 731 quibus
872 622 929 696 se
961 627 1248 694 invicem
1270 617 1566 690 afficiunt
1590 670 1612 700 ,
1651 623 1805 688 vivo
1830 621 2166 688 exercitio.

710 734 852 800 111.
903 730 1217 820 Qrurn
1238 724 1506 792 actuum
1539 712 1865 815 disparitas
1885 721 2183 819 corporis
2200 716 2531 812 animique
2553 710 2885 788 vinculum
2911 742 3055 789 non

611 828 814 902 laxius
833 881 853 911 ,
891 821 999 893 sed
1022 825 1257 893 arctius
1279 818 1505 891 efficit.
2164 852 2169 857 ·

710 933 838 999 IV.
899 927 981 994 Et
1034 927 1282 992 animus
1331 918 1604 1017 quidem
1642 922 1961 990 immotus
1995 939 2237 1014 corpus
2275 936 2547 990 movet,
2588 915 2930 988 excitando
2970 944 3052 990 ac

614 1021 1050 1132 gubernando
1080 1019 1411 1121 spirituum
1445 1017 1823 1091 animalium
1859 1015 2150 1090 cursum:
2194 1011 2467 1085 viciffim
2499 1021 2739 1115 c'orpus
2770 1043 2907 1089 non
2925 1043 3052 1091 co-

616 1136 827 1231 gitans
849 1129 1135 1196 animum
1204 1119 1436 1192 lurima
1462 1127 1752 1218 cogitare
1779 1116 1974 1202 facit,
2008 1121 2197 1189 novis
2219 1140 2295 1185 ac
2317 1121 2500 1187 variis
2510 1119 3048 1217 perceptionibus

615 1223 1059 1331 producendis
1078 1247 1153 1294 va
1180 1219 1289 1293 ide
1314 1218 1729 1292 occasionem
1754 1218 2006 1292 dand0.

716 1332 804 1401 V.
858 1331 1124 1423 Corpus
1170 1321 1397 1393 animae
1435 1323 1866 1417 conjunta-um
1902 1319 2402 1397 instrumentum
2432 1315 2757 1416 patiendo
2804 1322 2940 1423 agit
2972 1327 3045 1393 δε

618 1424 818 1503 causae
847 1429 1043 1498 etiam
1069 1420 1440 1523 principalis
1463 1446 1732 1492 munere
1758 1417 2070 1521 fungitur.

713 1532 850 1602 VI.
908 1526 1324 1621 conjunctio
1349 1530 1589 1595 mentis
1607 1546 1758 1592 cum
1784 1546 2062 1621 corpore
2091 1541 2317 1592 mutua
2347 1518 2440 1589 est
2460 1524 2530 1591 δε
2549 1519 2926 1618 reciproca,
2958 1515 3051 1590 fic

616 1653 692 1705 ut
721 1652 905 1700 mens
924 1631 993 1697 in
1015 1649 1255 1724 corpus
1275 1631 1345 1694 δε
1368 1621 1598 1695 contra*⁴
1617 1647 1858 1722 corpus
1879 1629 1946 1694 in
1968 1645 2258 1694 mentem
2276 1643 2427 1720 agat
2442 1671 2467 1704 ,
2503 1645 2689 1692 mens
2711 1618 2749 1691 οἱ
2767 1646 3052 1721 corpore

618 1741 690 1805 δε
715 1728 947 1801 εοιπεεῖ
968 1750 1210 1825 corpus
1229 1722 1265 1794 d
1286 1745 1504 1796 mente
1577 1726 1836 1803 atiatut.

715 1835 896 1903 v11.
949 1835 1176 1925 Atque
1205 1822 1328 1894 illae
1349 1828 1494 1895 vitae
1526 1750 1826 1894 fiumanae
1847 1818 2261 1899 mustiones,
2292 1819 2537 1920 quibus
2564 1816 2889 1919 utriusque
2905 1848 3058 1924 par-

618 1932 700 2001 tis
737 1929 1128 2018 conjunctio
1167 1919 1554 2007 absolvitur,
1586 1918 1734 1993 sunt
1760 1947 2040 2031 numero
2068 1922 2395 2026 plurimae,
2428 1927 2681 2021 generis
2716 1926 2915 2003 varii,
2947 1924 3054 1993 di.-

597 2030 871 2127 'gnitate
898 2028 1257 2123 praecipuae.

722 2131 827 2197 VI
850 2129 943 2193 11.
997 2127 1169 2220 Qae
1207 2113 1620 2193 functionum
1660 2123 1940 2193 varietas
1978 2129 2049 2194 δε
2083 2120 2436 2195 multitudo
2453 2125 2520 2192 in
2538 2144 2745 2192 unum
2763 2144 3055 2217 quoque

622 2222 972 2295 hominem
1001 2226 1328 2293 viventem
1360 2216 1545 2292 fimul
1581 2230 1649 2294 δε
1683 2217 2132 2294 semel-cadere
2155 2224 2392 2324 potest.
3034 2255 3035 2258 ¹

720 2328 854 2396 lx.
909 2326 1222 2395 Attamen
1259 2322 1397 2418 quo
1429 2327 1774 2418 pauciores
1796 2348 2020 2395 earum
2044 2325 2472 2424 copulantur,
2510 2318 2591 2391 eo
2614 2313 2926 2393 fortiores
2956 2343 3057 2393 at—

583 2434 593 2443 '
625 2451 754 2523 que
788 2426 1231 2496 accuratiores
1261 2422 1472 2493 solent
1506 2422 1654 2494 effe.
1722 2423 2095 2497 Multitudo
2131 2421 2717 2524 enim-fingularum
2739 2423 2905 2494 vires
2925 2428 3057 2492 mi-

630 2548 801 2598 nuit.

722 2633 811 2697 X.
867 2626 1020 2696 Nec
1049 2621 1329 2720 quilibet
1363 2628 1914 2724 motuscorporis
1947 2622 2346 2723 quibussibet
2383 2624 2636 2699 adibus
2662 2627 2902 2706 animi,
2939 2616 3067 2692 sed·

627 2731 789 2799 certi
823 2722 1131 2796 duntaxat
1166 2728 1353 2794 certis
1376 2718 1792 2819 respondent.

724 2827 861 2895 XI.
919 2829 1232 2921 Qorum
1277 2825 1546 2892 astuumf
1585 2846 1718 2894 tarn
1808 2826 2132 2922 ropinqua
2167 2825 2349 2896 estin
2384 2823 2654 2898 homine
2679 2826 3046 2907 connexio,

624 2949 702 3001 nt
728 2928 899 2995 inter
925 2947 1162 3020 corpus
1194 2931 1262 2995 ὅ(
1288 2923 1577 2992 animum
1601 2947 1702 2994 res
1723 2949 1758 2992 a
1787 2929 1847 2994 ia
1868 2920 2042 2993 nulla
2062 2925 2424 2997 intercedat
2446 2927 2679 2998 media.

720 3030 829 3096 XI
856 3029 904 3095 1.
957 3022 1342 3104 Eorundem
1388 3046 1465 3090 ue
1501 3046 1804 3119 promtus
1834 3022 2007 3094 adeo
2046 3024 2390 3097 concursus
2420 3026 2546 3112 est,
2581 3052 2654 3097 ut
2688 3029 2854 3095 inter
2870 3027 3056 3095 aelus

627 3127 828 3196 animi
881 3131 951 3193 &
1004 3130 1300 3220 corporis
1361 3119 1454 3191 ibi
1491 3125 1729 3196 mutuo
1763 3121 2231 3224 respondentes
2269 3124 2522 3198 nullum
2559 3130 3055 3224 tempusaeintet-

631 3245 870 3295 currat.
976 3253 981 3257 ·

725 3323 950 3394 XIII.
1006 3322 1214 3390 Etiam
1253 3343 1555 3421 tempore
1587 3321 1930 3397 fimul’esse
1964 3326 2230 3425 poss'unt
2269 3324 2646 3427 complures
2674 3328 2875 3398 animi
2907 3348 3059 3394 cor-

623 3417 928 3530 porisque
948 3423 1127 3492 aestus
1148 3476 1163 3500 ,
1201 3444 1486 3517 quorum
1517 3421 1620 3494 alii
1639 3423 1781 3497 sunt
1806 3426 1941 3497 aliis
1958 3452 2198 3499 naturae
2218 3425 2452 3497 ordine
2473 3428 2892 3523 posteriores.

719 3528 830 3597 XI
855 3527 939 3593 V.
997 3521 1147 3592 Nec
1186 3545 1401 3593 tamen
1430 3523 1567 3595 ullo
1587 3529 1736 3596 vitae
1766 3531 2064 3625 tempore
2085 3532 2265 3600 adius
2287 3526 2383 3598 illi
2403 3551 2674 3614 omncs,
2708 3529 2823 3625 qui
2851 3528 2920 3594 in
2945 3547 3051 3594 to·

628 3646 764 3692 tam
800 3618 1088 3694 hominis
1110 3645 1364 3695 aetatem
1387 3622 1628 3697 cadunt
1643 3669 1665 3700 2
1709 3622 1891 3696 fimul
1914 3652 2302 3702 concurrere
2320 3624 2582 3726 poffunt
2607 3657 2624 3701 ε
2667 3650 2734 3700 at
2757 3622 2964 3699 modo
2986 3619 3055 3693 hi

629 3718 840 3791 modo
872 3719 961 3789 illi
991 3724 1303 3795 continua
1322 3725 1610 3822 quidam
1633 3722 2029 3800 succeffione'
2045 3734 2227 3830 jungi
2250 3726 2571 3828 gaudent:

723 3821 894 3907 XV,
954 3822 1031 3889 Et
1062 3823 1332 3917 quidem
1370 3824 1492 3896 hac
1523 3825 1704 3924 lege,
1737 3848 1807 3897 ut
1840 3851 2024 3914 certo
2057 3835 2295 3901 mentis
2329 3832 2480 3901 actu
2499 3850 2871 3900 recurrente
2891 3846 3066 3910 con-

628 3917 1082 4031 stan-teretiarn
1105 3945 1387 3997 recurrat
1405 3949 1628 4006 motus
1649 3950 2006 4028 corporeus
2021 3982 2045 4020 ‚
2065 3935 2179 4035 qui
2195 3927 2392 4005 semel
2409 3934 2471 4005 ei
2489 3922 2881 4038 conjunctus
2902 3920 3026 3996 fuit
3040 3973 3065 4008 ,

630 4022 699 4089 δι
724 4036 863 4089 vice
879 4003 1098 4117 yerss..
1791 4026 1803 4036 ·
1956 4101 1963 4106 ι
2120 4030 2129 4039 ·
2715 4033 2858 4114 xv
2875 4031 2932 4103 L
2969 4027 3073 4098 Fit
