3391 4418
608 132 761 218 160
1249 114 1530 203 D1.s
1592 136 1885 199 1³.U‘1'
1960 137 2244 201 A‘1·1t
2294 138 2377 193 ο·-

689 232 776 306 4’6.
829 226 1426 329 Qmadmodum
1462 248 1679 299 autern
1720 222 1878 299 nihil
1907 220 2040 296 fere
2076 223 2167 295 est
2201 225 2368 296 adeo
2403 218 2764 324 simplex&
2793 251 3037 309 unum,

611 339 770 435 quin
787 331 825 405 a
842 354 1062 402 mente
1079 327 1361 406 humana
1381 326 1584 400 dividi
1602 325 1800 427 poffit
1818 329 1884 395 in
1901 325 2085 427 plura
2100 323 2278 421 quasi
2293 323 2593 395 membra
2609 331 2803 429 (Log.
2821 334 2870 401 1.
2893 357 3056 428 ¹04·

613 442 798 533 seq.)
837 441 927 503 ita
961 430 1162 504 etiam
1200 453 1420 505 motus
1452 427 1719 529 proprie
1754 422 2074 527 sumptus,
2106 432 2223 523 qui
2249 430 2317 495 in
2333 449 2744 524 unoquoque
2771 454 3052 529 corpore

614 539 843 608 unicus
872 524 1005 612 est',
1040 530 1254 628 potest
1289 529 1481 599 instar
1498 527 1782 628 plurium
1804 524 2244 603 abintellectu
2259 526 2484 602 nostro
2502 525 2931 605 consideratii
2964 537 3057 604 ita

492 636 498 642 ’
525 645 530 649 ’
617 634 893 707 solemus
924 637 990 700 in
1021 635 1180 700 rotis
1207 654 1514 700 curruum
1542 627 1714 700 duos
1743 623 2026 727 spectare
2059 649 2281 699 motus
2304 678 2325 709 ,
2353 630 2520 697 inter
2555 624 2614 698 se
2637 623 3011 701 differentes
3036 686 3056 714 ,

622 758 825 806 unum
841 727 1114 828 quidem
1129 733 1456 800 circularem
1476 775 1497 808 ‚
1537 734 1704 799 circa
1721 724 1993 828 ipsarum
2011 753 2194 799 axem
2211 777 2231 811 ,
2268 726 2542 797 alterum
2565 734 2778 799 rebium
2792 775 2814 811 ‚
2841 730 3061 801 secun-

623 834 782 905 dum
797 827 1279 929 longitudinem
1301 833 1416 900 viae
1436 882 1456 911 ,
1541 855 1609 899 er
1626 853 1823 924 quam
1842 823 2154 902 feruntur.
3066 830 3069 833 ’

722 958 816 1019 7.Δ
843 933 1408 1003 Certum-interim
1447 856 1575 1005 elz,-
1615 933 1682 997 in
1716 950 1861 998 rota
1876 925 2171 1024 qualibet
2186 948 2324 996 non
2344 922 2463 997 esse
2482 947 2939 999 motusrevera
2955 927 3061 1001 in-

626 1051 728 1102 tet
760 1027 817 1100 se
857 1025 1179 1114 diversoS‚
1220 1033 1532 1127 quoniam
1562 1026 2085 1125 unumquodque
2125 1029 2445 1125 punctum
2481 1029 2778 1124 corporis
2803 1079 2828 1112 ‚
2866 1029 3060 1124 quod

625 1152 969 1218 movetur,
1007 1154 1205 1200 unam
1243 1128 1501 1202 tantum
1539 1129 1821 1227 aliquam
1863 1127 2101 1198 lineam
2142 1131 2315 1197 circa
2349 1151 2583 1225 corpus
2622 1128 3007 1228 contiguum
3029 1174 3056 1208 ‚

677 1230 815 1302 uod
838 1229 1034 1304 veluti
1056 1228 1383 1327 quiescens
1403 1228 1842 1301 confideratur
1858 1280 1880 1314 ‚
1903 1223 2229 1311 describit,
2251 1231 2417 1298 circa
2437 1223 2624 1322 quod
2646 1232 2839 1300 etiam
2854 1255 3061 1301 unam

624 1257 1026 1432 iitperficiem
1045 1356 1162 1429 per
1178 1327 1349 1402 suam
1371 1328 1773 1431 superficiem
1791 1327 2124 1429 producit.
2176 1333 2281 1400 Sic
2305 1324 2521 1397 clavus
2542 1332 2850 1419 incurrus
2869 1354 3014 1405 rota
3037 1385 3063 1418 ,

624 1458 744 1532 per
783 1457 963 1503 tetrae
1042 1432 1329 1502 lanitiem
1357 1429 1441 1501 ab
1473 1436 1654 1530 equis
1686 1432 2056 1531 protracta,
2092 1433 2257 1500 circa
2286 1435 2424 1525 ejus
2458 1451 2644 1499 axem
2666 1424 2727 1497 se
2747 1426 3065 1509 volvens,

623 1532 879 1601 unicam
907 1457 1108 1601 haget
1130 1530 1637 1604 volutationem.
3030 1558 3059 1613 j

729 1633 795 1703 8.
845 1634 1047 1701 Dices
1065 1674 1086 1705 ³
1114 1631 1296 1701 istam
1337 1631 1575 1700 lineam
1600 1625 2037 1725 liepenumero
2060 1624 2249 1722 valde
2269 1624 2392 1701 esse
2417 1650 2799 1701 contortam
2817 1681 2839 1711 ,
2869 1625 3066 1701 ideo-

629 1755 757 1827 que
793 1728 830 1799 a
861 1727 1157 1829 pluribus
1192 1728 1393 1827 reipsa
1434 1726 1743 1798 distinctis
1767 1725 2057 1799 motibus
2082 1751 2295 1800 ortam
2313 1726 2551 1801 videri.
2594 1726 2883 1829 Resp.id
2904 1727 3065 1811 nihil

631 1830 847 1902 obstat
883 1835 1112 1901 unitati
1143 1827 1361 1914 lineat,
1397 1833 1546 1925 quia
1577 1825 1914 1926 poffumus
1945 1827 2188 1899 eodem
2214 1827 2426 1900 modo
2447 1829 2685 1899 lineam
2700 1840 3068 1927 quamcun-

632 1957 760 2026 que
790 1979 809 2009 ,
840 1934 1037 1998 etiam
1068 1932 1353 2004 ταδὶ-ειη,
1389 1928 1514 2023 quii
1543 1924 1718 2014 nulla
1740 1924 1930 2012 datur
1952 1925 2343 2028 [impin-jor,
2391 1955 2465 2000 ex
2496 1927 2788 2026 pluribus
2809 1926 3067 2003 diversis

632 2024 928 2118 motibus
978 2032 1267 2127 genitam
1307 2032 1680 2127 concipere.
1782 2025 1964 2097 Talis
2001 2026 2169 2106 linea
2203 2025 2588 2100 describitur
2627 2031 2664 2102 a
2697 2053 2886 2102 motu
2918 2028 3066 2130 pilae

631 2122 1001 2228 plumbeae,
1040 2151 1242 2225 quam
1280 2121 1497 2198 ferunt
1533 2129 1571 2198 ὲ
1608 2124 1866 2198 summo
1894 2127 2072 2199 malo
2095 2179 2119 2212 ,
2153 2133 2475 2200 innavem
2496 2127 2888 2203 velocissimc
2907 2156 3072 2231 pto-

633 2229 891 2298 vestam
916 2279 937 2312 ,
952 2226 1039 2318 ad
1061 2225 1212 2318 mali
1224 2228 1463 2327 pedem
1484 2280 1504 2323 2
1526 2227 1629 2299 vel
1657 2225 1742 2297 ab
1759 2233 2091 2326 equitante
2109 2228 2183 2298 in
2196 2227 2398 2301 altum
2413 2231 2782 2330 projectam
2802 2287 2819 2314 ,
2842 2237 2907 2303 in
2928 2258 3069 2303 ma·-

636 2352 797 2400 num
813 2333 946 2424 ejus
966 2380 985 2413 ,
1023 2328 1101 2400 ad
1119 2354 1233 2428 per
1284 2327 1659 2424 endiculum
1677 2327 1983 2399 decidere
2004 2358 2022 2401 z
2048 2326 2163 2400 ubi
2181 2352 2405 2402 motus
2418 2328 2567 2432 pilae
2581 2336 2893 2426 unicus&
2912 2348 3070 2432 pross

634 2432 812 2529 prius
852 2450 928 2497 ex
965 2356 1369 2530 progtesseivo
1413 2437 1484 2502 &
1522 2425 1932 2520 descensorio
1971 2435 2405 2536 componitur
2440 2449 2477 2520 ,'
2508 2438 2620 2530 qui
2657 2451 2930 2531 uterque
2966 2458 3066 2515 req

637 2533 780 2602 &us
794 2528 907 2600 est.
1784 2616 1793 2622 ι
2185 2615 2200 2624 ‚
3053 2580 3058 2588 -

788 2685 805 2702 .
862 2635 1091 2730 Itaque
1124 2634 1423 2728 quamvis
1445 2637 1528 2704 ex'
1550 2629 2014 2731 illoptaecepto
2037 2630 2378 2721 methodi,
2416 2656 2552 2728 quo
2565 2629 2873 2725 jubemur
2889 2630 3066 2714 diffi-

638 2657 949 2808 cul9tates.
995 2757 1154 2829 quas
1182 2737 1600 2804 examinaturi
1624 2728 1872 2815 sumus,
1914 2736 1985 2803 in
2012 2757 2116 2806 tot
2142 2757 2358 2834 partes
2390 2728 2715 2819 dividere,
2750 2735 2920 2829 q'uot
2958 2758 3068 2804 ex-

639 2827 824 2928 pedit
861 2829 946 2898 ad
984 2829 1120 2901 illas
1142 2832 1568 2903 commodius
1588 2828 1999 2903 resolvendas
2019 2889 2034 2914 ,
2070 2830 2348 2933 persaepc
2370 2829 2639 2929 quidem
2661 2832 2820 2904 utile
2834 2830 2912 2907 fit
2932 2886 2973 2919 ,‚
2988 2857 3065 2904 u-

639 2953 801 2998 num
837 2949 1101 2997 motum
1132 2932 1199 2996 in
1220 2927 1435 3025 plures
1456 2954 1669 3028 partes
1688 2929 1877 3003 dicto
1900 2931 2513 3034 mododistinguere
2533 2985 2555 3016 ,
2591 2932 2677 3004 ad
2697 2928 3064 3006 faciliorem

637 3035 774 3123 ejus
794 3024 1288 3124 intelligentiam
1306 3029 1820 3126 comparandam
1840 3031 2026 3120 (vide
2043 3038 2258 3133 Log.1.
2290 3060 2373 3111 ιο
2383 3059 2412 3127 3
2423 3088 2437 3104 .
2458 3028 2640 3128 seq.)·,
2661 3030 2954 3107 absolute
2969 3057 3064 3105 ta-

633 3152 786 3196 men
820 3123 866 3196 fi
907 3124 1255 3223 loquamur
1278 3181 1300 3213 ,
1341 3153 1506 3200 unus
1538 3130 1791 3203 tantum
1807 3135 1871 3201 in
1888 3156 2294 3231 unoquoque
2311 3157 2589 3231 corpore
2605 3158 2824 3208 motus
2842 3136 3066 3208 estnu-

638 3224 987 3296 merandus
1002 3280 1023 3310 ‚
1061 3231 1172 3322 qui
1189 3232 1249 3298 ei
1264 3234 1563 3330 proprius
1581 3229 1693 3303 est.

743 3353 769 3399 1
783 3353 854 3398 o.
903 3329 954 3396 E
975 3322 1403 3424 superioribus
1420 3327 1801 3431 intelligitur
1813 3381 1834 3414 ,
1872 3330 2035 3429 quid
2052 3330 2136 3400 de
2153 3330 2276 3401 illis
2292 3331 2586 3403 Platonis
2602 3331 2815 3406 verbis
2831 3329 2909 3406 fit
2923 3328 3063 3403 stn-

633 3424 933 3502 tiendum
960 3479 982 3512 ,
1009 3451 1156 3524 quae
1185 3430 1488 3530 leguntur
1511 3436 1577 3502 in
1600 3430 1862 3531 Dialog.
1895 3456 1980 3504 ιν
2005 3428 2088 3502 de
2117 3433 2293 3530 Rep.
2340 3438 2692 3529 interprete
2723 3429 2930 3509 Mars.
2965 3436 3063 3505 Fi-

627 3533 785 3599 cino
810 3556 826 3599 z
859 3538 1029 3596 Stare
1040 3527 1211 3622 simul
1237 3550 1407 3621 atque
1437 3532 1642 3603 moveri
1675 3534 1822 3601 idem
1843 3527 2329 3626 secundnm-idem
2352 3534 2608 3622 nunquid
2627 3532 2804 3634 potest
2822 3541 2855 3605 ἔ
2888 3535 3065 3615 Nullo

567 3623 570 3627 ⁴
628 3629 808 3698 modo.
866 3623 1131 3699 Preterea
1153 3631 1258 3698 haec
1275 3627 1988 3726 diligentihsconfirmemus
2005 3686 2030 3717 ‚
2070 3654 2266 3724 nequa
2289 3634 2698 3724 procedentibus
2716 3636 2860 3705 nobis
2875 3633 3066 3703 ambi-

615 3730 807 3816 gaitae
815 3724 973 3815 fort&
976 3727 1318 3823 suboriatur.
1369 3733 1570 3820 Siquis
1589 3735 1738 3801 enim
1755 3732 1961 3802 dixerit
1978 3730 2512 3826 hominemstantem
2541 3737 2769 3823 quietem
2787 3787 2808 3818 ‚
2832 3757 3066 3806 moven-

623 3845 740 3893 tem
769 3823 895 3897 verb
927 3852 1120 3899 manus
1140 3831 1212 3906 &¹
1228 3849 1433 3920 caput,
1469 3826 1857 3924 eundemstare
1868 3829 2039 3928 simul
2053 3853 2221 3922 atque
2236 3835 2483 3915 moveri,
2513 3833 2952 3926 haudquaquam
2973 3839 3073 3908 iu*

537 3989 542 3992 .
616 3927 915 3998 dicendum
944 3928 1272 4026 censebimus
1292 3973 1316 4008 ,
1338 3928 1440 4023 sed
1470 3950 1695 4025 partem
1724 3933 1952 4024 quidem
1981 3936 2099 4033 ejus
2128 3953 2395 4007 manere,
2424 3947 2651 4024 partem
2678 3935 2805 4006 verb
2823 3940 3065 4006 moveri.

2809 4042 3004 4101 Annon
3023 4041 3061 4104 ,ἓ
