3391 4418
433 200 509 235 ‚.
685 230 690 235 ,
960 126 2191 231 .·CO·N'JU³NCT'10.
2660 163 2821 242 445

502 275 566 347 ς.
619 241 877 318 Adhaec
904 237 1187 344 specialis
1218 246 1386 315 ratio
1408 242 1598 314 datur
1619 247 1686 314 in
1706 271 1992 344 corpore
2012 290 2032 322 ‚
2123 272 2272 317 uate
2296 248 2467 317 ratio
2492 249 2562 317 δε
2582 249 2823 322 volun.-

374 351 475 429 ta's
507 374 647 420 non
680 343 922 448 poffint
941 342 1114 415 illico
1139 340 1342 414 sensus
1363 352 1558 442 atque
1583 341 1852 441 affectus
1868 271 2227 446 pro'lucsitu
2251 347 2569 446 superare.
2626 348 2810 422 Nam

372 449 643 524 affestus
678 448 932 519 nostros
958 446 1283 545 perpetuo
1309 442 1445 516 fere
1464 449 1823 519 comitatur
1846 450 2059 547 aliqua
2080 449 2463 520 commotio
2487 447 2707 521 cordis
2731 459 2805 537 ὃς

370 548 843 648 consequenter
879 553 1077 619 totius
1119 544 1438 647 sanguinis
1465 555 1535 620 δε
1573 543 2161 646 spirituum;·adeo
2204 572 2277 621 ut
2309 572 2540 650 pergat
2580 555 2803 623 anima

367 651 594 725 iisdem
627 653 852 752 agitati
887 645 1232 721 affectibus
1269 644 1574 748 tantisper
1609 649 1773 720 dum
1812 651 1928 721 ista
1963 654 2345 722 commotio
2383 647 2610 722 cessat:
2645 676 2797 752 per-

369 750 522 825 inde
558 760 629 825 &
660 750 927 843 objedta
947 747 1188 818 sensilia
1208 748 1752 848 mentipraesentia
1774 777 2077 839 manent,
2115 751 2430 848 quamdiu
2456 756 2522 820 in
2551 778 2804 851 corpo-

369 857 454 927 tis
471 850 668 925 nostri
690 874 936 950 organa
956 847 1100 919 satis
1120 845 1377 920 fortiter
1397 876 1585 951 agere
1609 852 2042 951 perseverant.
2064 859 2235 950 Qae
2256 851 2555 950 quidem,
2573 876 2647 925 ut
2666 852 2792 924 alia

367 954 572 1026 multa
588 1006 616 1038 ,
644 977 784 1050 quae
800 949 940 1020 hoc
964 946 1143 1019 libro
1172 954 1522 1023 trastamus
1545 1006 1565 1036 ‚
1587 952 1861 1051 pulchre
1886 956 2283 1056 explicantur
2303 953 2339 1023 εὶ
2360 956 2627 1027 Renato
2648 960 2789 1030 Des

365 1060 598 1130 Cattes
617 1104 637 1135 ,
673 1062 741 1120 in
762 1048 1029 1121 aureolo
1052 1053 1362 1141 Passionum
1385 1055 1589 1121 Anima
1606 1052 1858 1137 libello,
2022 1134 2031 1143 f
2266 1064 2271 1069 ’

363 1166 370 1171 ’
397 1148 404 1153 ’
465 1174 534 1226 6.
567 1150 778 1223 'Cum'
811 1152 986 1219 enim
1006 1146 1104 1217 lex
1122 1154 1328 1247 prima
1345 1152 1711 1239 Naturae'sit
1738 1164 1761 1233 ‚'
1795 1152 2223 1243 unumquodque
2240 1174 2467 1222 manere
2482 1153 2545 1219 in
2549 1151 2654 1245 fico
2657 1148 2787 1244 sta-

363 1275 465 1338 tu,
494 1262 620 1323 &c.
653 1245 839 1344 Phys.
858 1254 1100 1323 Contr.
1123 1253 1183 1327 §.
1216 1277 1236 1320 1
1260 1277 1360 1343 50.
1395 1248 1534 1349 sqq.
1562 1259 1995 1324 motusetiam
2015 1247 2122 1321 ille
2143 1303 2165 1336 ‚
2196 1276 2400 1349 quem
2426 1249 2783 1325 diximusin

362 1349 565 1425 corde
605 1351 869 1435 nostro,
900 1347 1199 1449 sanguine
1233 1359 1301 1419 δε
1340 1348 1937 1449 ᾦὶτὶῑὼιιεέκίίὶετε
1959 1405 1980 1436 ‚
2012 1348 2465 1451 aliquantisper
2484 1345 2782 1451 perseve-

362 1476 498 1537 rat,
530 1448 647 1523 ubi
676 1447 869 1519 semel
897 1454 1123 1549 coepit.
1179 1454 1358 1521 Hinc
1396 1449 1869 1523 Athenodorus
1899 1455 2198 1549 Augusto
2237 1453 2625 1552 Imperatori
2646 1448 2778 1521 hoc

360 1550 563 1625 dabat
579 1549 924 1622 consilium
944 1604 964 1635 ,
998 1577 1081 1621 ne
1113 1556 1308 1621 iratus
1330 1549 1578 1623 diceret
1609 1576 1719 1623 aut
1736 1549 1978 1621 faceret
1997 1556 2346 1649 quicquam
2365 1605 2383 1639 ‚
2408 1547 2774 1652 priusquam

360 1678 591 1731 omnes
621 1650 837 1723 literas
867 1649 1226 1748 Alphabcti
1254 1651 1480 1721 ordin‘e
1511 1644 1939 1741 recensuisset.
1993 1655 2339 1730 Et'P‘o‘e‘ta,
2368 1677 2441 1721 ne
2443 1649 2650 1742 frena,
2677 1658 2774 1721 in·

358 1757 540 1852 quit,
574 1755 766 1822 animo
787 1771 1059 1846 permme
1091 1753 1328 1836 calenti,
1370 1755 1446 1820 da
1460 1752 1711 1846 spatium
1730 1760 2060 1842 tenuemque
2079 1766 2322 1824 moram.
2374 1749 2535 1822 Inde
2554 1751 2777 1850 regula

351 1859 520 1952 Juris
552 1854 642 1950 48
676 1861 765 1924 ita
783 1850 1013 1923 sancit:
1051 1846 1338 1946 Qicquid
1362 1855 1545 1921 calore
1576 1853 1876 1922 iracundia
1909 1853 2001 1921 vel
2018 1852 2097 1944 fit
2114 1853 2424 1922 vetdicitur
2444 1895 2466 1927 ‚
2500 1874 2609 1920 non
2628 1854 2777 1946 prius

351 1952 544 2025 ratum
562 1950 635 2049 est
647 2006 667 2038 ,
697 1948 1355 2046 qubmstperseverantid
1371 1956 1667 2044 apparuit,
1680 1954 1973 2051 judicium
1985 1936 2356 2047 animifuiffi.
2383 1944 2611 2045 ldekque
2625 1942 2777 2019 brevi

351 2054 576 2149 reverfit
592 2078 732 2123 uxor
749 2102 773 2136 ‚
809 2077 904 2123 nec
920 2050 1189 2143 diverttffi
1209 2053 1445 2121 videtur.
1994 2058 1999 2062 ’

448 2180 517 2242 7.
569 2153 718 2248 Jam
758 2178 974 2225 autem
1004 2147 1188 2243 facile
1230 2150 1712 2223 demonstratur
1733 2152 1767 2224 ὲ
1790 2150 1982 2223 dietis
2006 2204 2026 2236 ,
2055 2149 2395 2225 anomalia:
2423 2158 2599 2245 ejus,
2640 2172 2770 2246 qua

349 2278 584 2352 corpus
605 2261 835 2321 anima:
853 2252 1265 2327 dominatur,
1289 2250 1549 2347 culpam
1568 2278 1706 2330 non
1727 2256 1880 2320 Deo
1892 2301 1915 2332 ,
1962 2248 2066 2321 sed
2088 2256 2371 2322 Homini
2401 2246 2774 2322 adscriben-

352 2349 507 2419 dam
534 2351 679 2420 ess'e.
724 2350 906 2418 Nam
933 2373 992 2419 1.
1023 2350 1214 2447 primi
1232 2349 1428 2417 nostri
1446 2372 1751 2446 parentes
1769 2347 1935 2420 illius
1949 2349 2255 2448 perversae
2279 2353 2769 2448 conjunctionis

359 2455 431 2520 &
458 2443 575 2517 fibi
615 2456 683 2519 &
700 2445 1255 2546 posteris'autores
1276 2443 1457 2517 fuere
1477 2501 1498 2534 ,
1530 2447 1948 2546 similiterque
1962 2476 2087 2521 nos
2111 2450 2228 2549 ipsi
2241 2446 2764 2549 praecedentibus

353 2543 614 2619 aestibus
632 2601 652 2632 ,
686 2547 928 2645 quibus
945 2554 1156 2617 anima
1178 2543 1393 2645 suapte
1416 2544 1642 2646 sponte
1673 2546 1731 2619 se
1752 2556 2019 2648 corpori
2039 2547 2325 2649 subjicit,
2351 2547 2761 2647 sequentium

347 2655 580 2748 jugum
606 2643 834 2746 sponte
860 2644 1055 2717 nobis
1080 2644 1481 2719 attrahimus,
1534 2655 1801 2748 Repete
1824 2675 1969 2748 cap.
2003 2677 2113 2740 32.

448 2753 514 2818 8.
564 2751 647 2818 Et
689 2774 853 2818 2.ne
882 2747 1144 2844 quidem
1184 2750 1329 2846 post
1362 2746 1602 2847 lapsum
1641 2754 1827 2820 Deus
1872 2748 2130 2820 homini
2151 2753 2560 2844 rationem&
2585 2742 2794 2844 judi-⁶

347 2851 519 2919 cium
542 2851 793 2920 testum
815 2847 896 2919 de
917 2847 1138 2920 multis
1154 2845 1341 2921 rebus
1363 2856 1639 2920 omniuo
1663 2847 2030 2949 denegavit.
2050 2852 2293 2932 Saltem
2312 2855 2498 2922 novit
2520 2848 2760 2933 home,

346 2950 582 3021 rationi
602 2956 825 3049 potius
844 2947 1042 3047 quam
1068 2955 1386 3049 appetitui
1410 2950 2009 3049 obtemperandum
2031 2949 2173 3023 esse.
2214 2955 2372 3020 Hoc
2392 2950 2511 3021 effe
2537 2948 2783 3019 homi-f

347 3055 443 3119 nis
484 3049 779 3122 officium
801 3073 1044 3123 naturae
1076 3052 1301 3121 lumen
1339 3050 1562 3122 docet.
1618 3054 2050 3124 Contrarium
2075 3050 2331 3125 vivendi
2353 3049 2638 3121 modum
2658 3073 2789 3118 ta-·

345 3152 443 3219 tio
467 3148 774 3254 damnas,
812 3151 1057 3223 etiamsi
1079 3149 1292 3221 homo
1320 3177 1463 3221 eam
1483 3148 1803 3249 sequatur.

443 3274 513 3338 9.
572 3255 882 3349 Cumque
945 3280 1005 3344 3.
1036 3258 1101 3322 in
1145 3277 1379 3352 genere
1420 3250 1770 3323 hominum
1808 3257 2217 3325 inveniantur
2246 3306 2268 3339 ,
2322 3257 2438 3350 qui
2473 3246 2771 3323 affeaus

341 3346 658 3449 quosdam
696 3348 839 3423 suos
867 3359 1122 3424 ratione
1144 3355 1183 3423 εἰ
1218 3351 1436 3423 cordis
1478 3359 1546 3423 &
1593 3350 1908 3455 sanguinis
1950 3378 2139 3425 motu
2171 3351 2412 3425 secreta
2445 3359 2752 3425 vincunt»

336 3473 520 3552 patet
546 3450 773 3548 justam
801 3450 970 3525 hanc
1000 3461 1069 3526 &
1089 3451 1426 3553 pulchram
1461 3451 1857 3527 conscientia
1888 3455 2043 3526 teste
2072 3455 2414 3527 victoriam
2440 3503 2458 3534 ‚
2496 3475 2630 3520 non
2664 3453 2754 3520 ita

261 3626 271 3634 ‚
340 3547 715 3650 {impliciter
758 3549 878 3624 esse
923 3553 1177 3625 homini
1211 3550 1672 3654 impoffibilem
1712 3598 1736 3631 ‚
1787 3580 1861 3627 ut
1895 3559 2191 3656 corporis
2227 3563 2297 3625 &
2329 3554 2526 3621 animi
2563 3547 2757 3622 dator

341 3660 631 3752 optimus
658 3653 1023 3752 praeposteri
1064 3652 1328 3751 alicujus
1353 3653 1599 3726 ordinis
1624 3661 1689 3724 in
1711 3659 2012 3728 Homine
2032 3653 2287 3725 stabiliti
2314 3673 2506 3722 autor
2529 3659 2595 3722 ὅ(
2614 3650 2759 3722 fau-

340 3776 447 3823 tor
473 3750 695 3823 haberi
717 3752 977 3826 debeat.
1036 3760 1360 3855 Qamvis
1381 3756 1557 3826 idem
1581 3811 1602 3842 ,
1624 3780 1692 3826 ut
1709 3755 2075 3852 justiffimus
2092 3751 2317 3853 judex,
2342 3775 2622 3850 peccato
2644 3777 2758 3851 ge-

338 3877 457 3924 nus
496 3851 853 3925 humanum
896 3851 1203 3952 subjicere
1239 3861 1558 3956 potuerit2
1601 3862 1829 3948 Quam
1867 3858 2121 3960 peccati
2151 3857 2282 3924 vim
2307 3853 2642 3949 &justitiae
2663 3851 2769 3921 di-

341 3957 502 4026 vina:
532 3954 1220 4060 rigoremTheologia
1241 3957 1471 4032 clarius
1495 3961 1794 4059 exponit·
2432 4074 2545 4121 ιο.
2561 4037 2784 4114 Adde,
