3391 4418
975 101 1722 192 ansrc'a
1826 105 2301 206 XXXIV.
2673 136 2840 225 κς

375 240 504 315 qus
528 241 607 307 δι
632 225 927 313 vibratus
948 222 1110 316 aeris
1134 243 1367 315 motus
1395 217 1507 299 fit,
1544 216 1786 316 abejus
1797 222 2256 321 particularum
2277 227 2453 296 varia
2473 225 2831 329 agitatione

401 338 516 410 seu
542 333 581 403 εὶ
610 326 828 401 calore
842 345 1276 423 promovetur
1292 374 1315 407 ,
1350 329 1420 392 &
1443 318 1671 392 contra
1691 321 1728 390 ὲ
1746 317 1826 390 fri
1877 349 1992 396 ore
2007 320 2295 397 seuillius
2313 330 2683 426 agitationis
2702 336 2830 416 ime

396 436 776 510 minutione
810 418 1182 521 impeditur.
1245 423 1357 495 Sic
1396 417 1627 494 obtuse
1663 420 1815 493 vald
1860 422 2227 495 exauditur
2263 450 2618 527 campana.
2662 428 2820 504 dum

402 539 656 635 ningit,
694 528 844 623 quia
876 522 1147 614 materia
1177 525 1341 593 nivis
1362 520 1625 593 craffior
1639 522 1922 595 tremulo
1943 532 2013 596 &
2033 522 2291 598 vibrato
2304 532 2465 600 ae’ris
2485 536 2702 602 motui
2718 527 2826 604 of-

398 639 563 712 ficit.
607 620 1007 728 3.Particulae
1029 672 1053 706 ‚
1078 645 1224 718 quae
1259 624 1442 692 odoris
1470 618 1720 695 sensum
1757 627 1823 693 in
1845 620 2037 696 nobis
2057 629 2270 712 cient,
2316 653 2454 700 non
2474 625 2587 700 nifi
2601 633 2821 708 calore
2897 659 2902 666 ·

404 743 653 840 ,ἔειπε
669 729 705 801 ὲ
721 747 999 823 corpore
1022 720 1310 797 odorato
1336 725 1437 810 (ut
1453 745 1638 821 patet
1660 724 1728 793 in
1747 720 1969 796 multis
1985 727 2610 820 quaeincenduntur)
2637 723 2823 833 egre,-

380 839 641 910 .dientes
675 826 761 898 ad
792 848 975 896 nares
1008 815 1326 892 feruntur.
1379 825 1472 893 At
1489 818 1691 923 frigus
1716 874 1738 907 ,
1768 827 2086 920 quoniam
2107 826 2458 904 retardatio
2473 856 2701 904 motus
2721 830 2823 905 vel

395 940 577 1036 quies
598 929 704 999 est
725 980 750 1011 ‚
776 946 914 994 tam
948 918 1419 991 resolutionem
1461 925 1760 1022 corporis
1796 921 2095 1009 odorati,
2132 951 2332 1022 quam
2354 931 2828 1028 particularum

322 1093 325 1102 .
392 1058 510 1138 per
539 1038 762 1101 aeirem
796 1022 1176 1093 vectionem
1212 1018 1537 1119 impedit,
1577 1021 1748 1093 adeo
1787 1047 1860 1094 ut
1891 1024 1995 1096 vel
2029 1025 2219 1096 nullae
2239 1051 2458 1098 earum
2475 1029 2578 1112 vel
2595 1055 2817 1126 paucae

388 1155 693 1213 tantum,
724 1132 793 1194 δε
831 1137 923 1190 eae
959 1116 1228 1213 quidem
1265 1117 1549 1218 segnius,
1585 1121 1667 1193 ad
1703 1147 1888 1196 nares
1916 1129 2318 1220 perveniant.
2377 1129 2526 1198 Nec
2553 1128 2818 1226 poffunt

385 1232 667 1308 Autoris
686 1217 926 1302 verba,
965 1215 1152 1313 quod
1167 1215 1354 1310 frigus
1378 1222 1511 1311 liget
1526 1271 1548 1304 ,
1570 1218 1732 1316 sistat
1753 1266 1777 1300 ,
1799 1223 2022 1294 hebetet
2038 1277 2059 1311 ‚
2084 1231 2217 1296 &c.
2237 1222 2488 1303 ‘aliam-2
2508 1251 2653 1322 quae
2667 1219 2821 1319 vera

388 1333 469 1405 fir,
488 1382 511 1414 ,
538 1321 1075 1425 significationem
1089 1318 1434 1387 admittere
1456 1317 1652 1416 quam
1665 1316 1844 1388 illam
1864 1372 1885 1405 ,
1918 1347 2060 1420 quae
2077 1323 2311 1398 nosttae
2332 1322 2416 1396 de
2432 1320 2689 1426 frigoris
2701 1352 2817 1398 na..

393 1454 540 1504 tura
554 1424 879 1497 lententiae
897 1411 1260 1489 conformis
1274 1415 1383 1489 est.

1112 1556 1196 1640 D
1259 1586 1290 1639 1
1347 1579 1385 1636 s
1442 1582 1512 1637 Ρ.
1625 1551 1814 1638 XX
1832 1553 1975 1640 XI
2008 1555 2110 1641 V.

552 1685 557 1688 ’
659 1708 776 1777 De
795 1689 1126 1772 Pontium
1139 1689 1452 1802 origine,
1489 1699 1760 1799 Aquis,
1800 1686 2183 1826 Vqssoribus
2201 1750 2222 1784 ,
2268 1702 2531 1780 Ventis.
2563 1699 2604 1780 ’.

406 1874 434 1920 1
449 1904 464 1922 .
489 1844 976 2016 M-Agnum
994 1838 1170 1911 illum
1187 1836 1622 1910 Hebraeorum
1647 1864 1867 1941 regem
1884 1837 2316 1914 Salomonem
2339 1868 2476 1915 non
2495 1840 2624 1914 fine
2639 1843 2811 1934 sum-

712 1969 828 2016 mo
858 1944 1116 2012 'merito
1160 1936 1691 2041 sapientiffimum
1726 1937 2041 2014 celebrari
2069 1939 2230 2013 mihi
2259 1939 2648 2042 persuadeO.
2716 1949 2815 2017 Ita

382 2044 661 2150 pulchra
696 2041 1004 2116 naturalis
1044 2047 1286 2140 pariter
1322 2049 1390 2113 &
1426 2038 1692 2114 moralis
1719 2038 1995 2114 scientiae
2017 2039 2332 2145 dogmata
2347 2042 2579 2144 paffim
2600 2042 2814 2140 dedit·

382 2154 494 2221 De
528 2148 737 2222 fluviis
768 2147 981 2244 inquit
1012 2138 1250 2214 Eccleil
1286 2167 1344 2214 r.
1401 2146 1616 2215 omnia
1619 2142 1865 2235 flumina
1881 2146 2103 2216 intrant
2115 2152 2174 2216 in
2196 2168 2398 2233 mare,
2429 2145 2682 2223 &mare
2701 2167 2811 2217 non

386 2250 665 2318 redundat
701 2274 724 2329 3
775 2248 852 2312 ad
893 2249 1073 2314 locum
1116 2242 1262 2311 unde
1295 2262 1503 2313 exeunt
1534 2243 1785 2334 flumina
1823 2261 2214 2331 revertuntur,
2268 2263 2334 2315 ut
2364 2248 2570 2317 iterum
2594 2247 2813 2341 fluant.

380 2347 665 2415 Nature
719 2338 1103 2412 miraculum
1160 2338 1391 2410 dixeris
1426 2337 1806 2439 expreffisse.
1912 2337 2059 2437 Q
2099 2349 2275 2414 enim
2312 2342 2477 2414 illud
2515 2345 2630 2417 fiat
2661 2396 2684 2429 ‚
2736 2368 2810 2416 ut

388 2465 574 2513 mare
611 2460 749 2507 non
782 2437 1104 2508 redundet
1134 2489 1158 2520 ,
1205 2443 1273 2509 in
1311 2437 1498 2533 quod
1534 2462 1640 2510 tot
1668 2462 1976 2536 tantaque
2014 2439 2287 2513 flumina
2324 2437 2382 2512 se
2408 2459 2805 2513 exonerant?

382 2542 531 2613 ‘Aut
566 2533 922 2634 quomodo
956 2531 1174 2605 fontes
1200 2542 1269 2605 &
1309 2536 1500 2606 fluvii
1537 2538 1574 2605 a
1612 2544 1775 2607 mari
1818 2535 2082 2634 prodire
2115 2538 2357 2635 poffint
2390 2587 2414 2621 ,
2465 2541 2616 2609 cum
2650 2537 2809 2634 {Repe

386 2644 464 2712 in
502 2638 831 2708 montium
868 2631 1408 2730 jugis-scaturiant
1430 2683 1453 2715 ,
1492 2635 1632 2728 quo
1664 2658 1834 2730 aqua
1866 2658 1990 2730 pro
2039 2654 2140 2703 ter
2179 2638 2559 2731 gravitatem
2595 2629 2816 2703 ascen·-

391 2738 550 2813 dere
577 2736 852 2832 nequit?
885 2735 968 2803 Et
993 2734 1145 2801 cum
1178 2753 1360 2828 aqua:
1391 2726 1677 2804 fontanae
1711 2743 1775 2805 δι
1796 2658 2087 2803 fluviales
2112 2728 2235 2802 fint
2256 2727 2515 2816 dulces,
2548 2736 2811 2804 marinae

385 2838 551 2914 salfie
569 2880 591 2914 ‚
626 2857 760 2932 qua
772 2836 1024 2904 ratione
1045 2834 1427 2931 contingere
1439 2829 1685 2917 valeat,
1725 2852 1799 2902 ut
1817 2828 1919 2900 vel
1937 2826 2139 2903 haeab
2159 2829 2321 2915 illis,
2347 2830 2588 2906 velillae
2604 2831 2688 2904 ab
2710 2831 2810 2905 his

376 2944 716 3043 originem
754 2930 1015 3014 trahant
1054 2948 1077 3002 ἓ
1148 2935 1256 3002 De
1299 2929 1623 3022 ejusmodi
1670 2929 1864 3004 rebus
1917 2927 2425 3030 disquisitionem
2476 2918 2806 3006 instituere
2857 2962 2858 2965 ¹

387 3036 781 3115 naturalium
817 3056 1032 3105 rerum
1059 3030 1521 3103 admiratorem
1548 3086 1570 3116 ,
1613 3057 1751 3103 non
1789 3029 2000 3103 modo
2037 3030 2279 3103 rationi
2300 3028 2806 3116 consentaneum

389 3143 483 3214 est
512 3191 535 3223 ,
588 3136 816 3209 verum
870 3129 1068 3206 etiam
1112 3130 1197 3201 ad
1241 3137 1478 3233 optimi
1517 3133 1866 3203 creatoris
1903 3134 2273 3232 potentiam
2307 3157 2383 3203 ac
2429 3120 2806 3235 sapientiam

435 3234 861 3312 raedicandam
902 3235 1080 3307 utile.
1151 3233 1256 3306 Ut
1302 3252 1517 3303 autem
1548 3232 1985 3330 procedamus
2020 3230 2351 3305 methodo
2383 3234 2579 3330 quam
2619 3231 2807 3306 facil-

412 3346 546 3412 ima
572 3389 595 3421 ‚
640 3361 758 3435 per
790 3335 1199 3433 Qaestiones
1239 3338 1310 3405 δε
1346 3329 1833 3432 Responfiones
1866 3329 2181 3405 dilucidas
2224 3356 2810 3434 rem·totam.pcr-

386 3442 663 3515 tractate
684 3435 1091 3506 conabimur.

372 3572 385 3589 =
493 3566 555 3612 2.
596 3541 806 3633 QAE
827 3559 856 3607 s
873 3561 945 3606 τ.
976 3540 1030 3606 1.
1078 3528 1547 3629 Ecquod-nam
1569 3534 2038 3629 ergo-primum
2063 3534 2154 3605 est
2177 3542 2244 3606 &
2262 3532 2666 3633 potiffimum
2683 3531 2810 3608 flu·
2835 3604 2852 3616 ,

381 3648 640 3718 victum
665 3635 1082 3731 fontiumque
1104 3635 1496 3731 principium
1516 3640 1551 3704 Β
1585 3628 1788 3729 Resp.
1813 3634 1999 3704 Mare
2023 3678 2044 3710 2
2072 3658 2145 3704 ut
2163 3634 2429 3705 testatur
2443 3632 2765 3725 Salomon
2785 3686 2810 3722 ,

329 3743 566 3836 ‚¹cujus
602 3735 805 3809 ductu
836 3730 1281 3836 philosophari
1317 3732 1523 3804 modo
1564 3733 1971 3803 animus-est.
2023 3735 2172 3803 Nec
2207 3725 2691 3823 videturPlato
2722 3732 2809 3807 ab

366 3850 526 3941 Jejus
544 3837 728 3912 dieto
746 3844 882 3935 jam
900 3841 1103 3909 citato
1124 3829 1311 3905 valde
1328 3832 1574 3906 alienus
1593 3827 1880 3903 exstitiffi:
1900 3879 1921 3910 ‚
1963 3830 2506 3931 quandoincalce
2533 3834 2815 3916 Phaedo·

362 3947 485 4017 Ἐἰς
517 3947 609 4016 ita
635 3933 910 4041 scripfit:
960 3943 1199 4040 χρίσμα
1215 3941 1295 4009 εἷς
1315 3935 1571 4035 σνρῥίκσ]
1591 3938 1801 4025 πάντες
1819 3947 1873 4009 αἱ
1893 3934 2145 4105 {inpii
2171 3984 2199 4024 ,
2237 3936 2335 4034 ῃ),
2360 3943 2432 4015 ἐκ.
2451 3934 2607 4011 τίη
2630 3936 2809 4097 1:317

356 4071 377 4079 -
2755 4052 2827 4092 '-
