<?xml version="1.0" encoding="UTF-8"?>
<!DOCTYPE html PUBLIC "-//W3C//DTD XHTML 1.0 Transitional//EN"
    "http://www.w3.org/TR/xhtml1/DTD/xhtml1-transitional.dtd">
<html xmlns="http://www.w3.org/1999/xhtml" xml:lang="en" lang="en">
 <head>
  <title>
</title>
<meta http-equiv="Content-Type" content="text/html;charset=utf-8" />
  <meta name='ocr-system' content='tesseract 3.04.00' />
  <meta name='ocr-capabilities' content='ocr_page ocr_carea ocr_par ocr_line ocrx_word'/>
</head>
<body>
  <div class='ocr_page' id='page_1' title='image "./johannisclauber00claugoog_0412.png"; bbox 0 0 3391 4418; ppageno 0'>
   <div class='ocr_carea' id='block_1_1' title="bbox 611 109 2711 714">
    <p class='ocr_par' dir='ltr' id='par_1_1' title="bbox 611 109 2711 714">
     <span class='ocr_line' id='line_1_1' title="bbox 611 109 2585 267; baseline -0.008 -43"><span class='ocrx_word' id='word_1_1' title='bbox 611 143 786 267; x_wconf 67' lang='lat'>&#39;39²2</span> <span class='ocrx_word' id='word_1_2' title='bbox 1122 122 1824 221; x_wconf 37' lang='lat' dir='ltr'><strong>comosus</strong></span> <span class='ocrx_word' id='word_1_3' title='bbox 1899 109 2585 231; x_wconf 38' lang='lat' dir='ltr'><strong>nrAfu‘rm</strong></span> 
     </span>
     <span class='ocr_line' id='line_1_2' title="bbox 613 294 2505 421; baseline -0.006 2"><span class='ocrx_word' id='word_1_4' title='bbox 613 298 617 302; x_wconf 73' lang='grc'><strong>’</strong></span> <span class='ocrx_word' id='word_1_5' title='bbox 725 294 728 297; x_wconf 70' lang='grc'><strong>’</strong></span> <span class='ocrx_word' id='word_1_6' title='bbox 1466 330 1550 415; x_wconf 87' lang='lat' dir='ltr'><strong>c</strong></span> <span class='ocrx_word' id='word_1_7' title='bbox 1605 354 1660 416; x_wconf 78' lang='lat' dir='ltr'>A</span> <span class='ocrx_word' id='word_1_8' title='bbox 1728 356 1797 411; x_wconf 63' lang='lat' dir='ltr'><strong>p.</strong></span> <span class='ocrx_word' id='word_1_9' title='bbox 1922 323 2228 421; x_wconf 77' lang='lat' dir='ltr'><strong>xxv.</strong></span> <span class='ocrx_word' id='word_1_10' title='bbox 2500 294 2505 301; x_wconf 79' lang='grc'><strong>’</strong></span> 
     </span>
     <span class='ocr_line' id='line_1_3' title="bbox 1011 472 2711 595; baseline -0.009 -22"><span class='ocrx_word' id='word_1_11' title='bbox 1011 486 1431 574; x_wconf 50' lang='lat' dir='ltr'><strong>&amp;Animam</strong></span> <span class='ocrx_word' id='word_1_12' title='bbox 1453 479 1546 578; x_wconf 69' lang='grc' dir='ltr'><strong>ό·</strong></span> <span class='ocrx_word' id='word_1_13' title='bbox 1567 504 1812 595; x_wconf 79' lang='lat' dir='ltr'><strong>corpus</strong></span> <span class='ocrx_word' id='word_1_14' title='bbox 1818 501 1956 591; x_wconf 81' lang='lat' dir='ltr'><strong>per</strong></span> <span class='ocrx_word' id='word_1_15' title='bbox 1975 477 2356 586; x_wconf 67' lang='lat' dir='ltr'><strong>allusfieos</strong></span> <span class='ocrx_word' id='word_1_16' title='bbox 2375 472 2711 594; x_wconf 67' lang='lat' dir='ltr'><strong>conjungi</strong></span> 
     </span>
     <span class='ocr_line' id='line_1_4' title="bbox 1067 590 2351 714; baseline -0.009 -30"><span class='ocrx_word' id='word_1_17' title='bbox 1067 618 1076 625; x_wconf 85' lang='lat'>&#39;</span> <span class='ocrx_word' id='word_1_18' title='bbox 1332 590 1666 714; x_wconf 81' lang='lat' dir='ltr'><strong>proxime&#39;</strong></span> <span class='ocrx_word' id='word_1_19' title='bbox 1684 615 1895 706; x_wconf 78' lang='lat' dir='ltr'><strong>atque</strong></span> <span class='ocrx_word' id='word_1_20' title='bbox 1912 590 2351 676; x_wconf 57' lang='lat' dir='ltr'><strong>immediatb.</strong></span> 
     </span>
    </p>
   </div>
   <div class='ocr_carea' id='block_1_2' title="bbox 633 734 3087 1050">
    <p class='ocr_par' dir='ltr' id='par_1_2' title="bbox 629 694 3087 1050">
     <span class='ocr_line' id='line_1_5' title="bbox 638 734 3080 918; baseline 0.001 -103.993"><span class='ocrx_word' id='word_1_21' title='bbox 638 776 673 828; x_wconf 82' lang='lat'>1</span> <span class='ocrx_word' id='word_1_22' title='bbox 689 806 706 827; x_wconf 83' lang='lat'>‚</span> <span class='ocrx_word' id='word_1_23' title='bbox 740 757 864 918; x_wconf 87' lang='lat' dir='ltr'>P</span> <span class='ocrx_word' id='word_1_24' title='bbox 883 742 1215 845; x_wconf 89' lang='lat' dir='ltr'><strong>Roptium</strong></span> <span class='ocrx_word' id='word_1_25' title='bbox 1239 753 1309 817; x_wconf 87' lang='lat'>&amp;</span> <span class='ocrx_word' id='word_1_26' title='bbox 1330 744 1709 843; x_wconf 82' lang='lat' dir='ltr'><strong>praeclarum</strong></span> <span class='ocrx_word' id='word_1_27' title='bbox 1741 742 2227 838; x_wconf 59' lang='lat' dir='ltr'><strong>conjunctionis</strong></span> <span class='ocrx_word' id='word_1_28' title='bbox 2247 738 2442 835; x_wconf 82' lang='lat' dir='ltr'><strong>hujus</strong></span> <span class='ocrx_word' id='word_1_29' title='bbox 2459 734 2897 814; x_wconf 87' lang='lat' dir='ltr'><strong>undecimum</strong></span> <span class='ocrx_word' id='word_1_30' title='bbox 2914 737 3080 821; x_wconf 82' lang='lat' dir='ltr'><strong>illud</strong></span> 
     </span>
     <span class='ocr_line' id='line_1_6' title="bbox 833 835 3083 940; baseline -0.003 -20"><span class='ocrx_word' id='word_1_31' title='bbox 833 916 837 921; x_wconf 86' lang='grc'>,</span> <span class='ocrx_word' id='word_1_32' title='bbox 885 849 974 919; x_wconf 91' lang='lat' dir='ltr'><strong>est</strong></span> <span class='ocrx_word' id='word_1_33' title='bbox 993 890 1015 925; x_wconf 86' lang='lat'>,</span> <span class='ocrx_word' id='word_1_34' title='bbox 1056 844 1242 940; x_wconf 87' lang='lat' dir='ltr'><strong>quod</strong></span> <span class='ocrx_word' id='word_1_35' title='bbox 1279 863 1464 936; x_wconf 78' lang='lat' dir='ltr'><strong>corpus</strong></span> <span class='ocrx_word' id='word_1_36' title='bbox 1494 846 1567 920; x_wconf 64' lang='grc' dir='ltr'><em>ὼ</em></span> <span class='ocrx_word' id='word_1_37' title='bbox 1603 845 1801 912; x_wconf 79' lang='lat' dir='ltr'><strong>anima</strong></span> <span class='ocrx_word' id='word_1_38' title='bbox 1836 835 2022 933; x_wconf 78' lang='lat' dir='ltr'><strong>nostra</strong></span> <span class='ocrx_word' id='word_1_39' title='bbox 2053 846 2449 913; x_wconf 67' lang='lat' dir='ltr'><strong>conneaumr</strong></span> <span class='ocrx_word' id='word_1_40' title='bbox 2483 864 2605 939; x_wconf 86' lang='lat' dir='ltr'><strong>per</strong></span> <span class='ocrx_word' id='word_1_41' title='bbox 2620 866 2731 927; x_wconf 83' lang='lat' dir='ltr'><strong>ea,</strong></span> <span class='ocrx_word' id='word_1_42' title='bbox 2767 865 2918 938; x_wconf 84' lang='lat' dir='ltr'><strong>quae</strong></span> <span class='ocrx_word' id='word_1_43' title='bbox 2931 840 3083 917; x_wconf 86' lang='lat' dir='ltr'><strong>sunt</strong></span> 
     </span>
     <span class='ocr_line' id='line_1_7' title="bbox 633 939 3087 1050; baseline -0.003 -31"><span class='ocrx_word' id='word_1_44' title='bbox 633 945 922 1050; x_wconf 83' lang='lat' dir='ltr'><strong>ipsorum</strong></span> <span class='ocrx_word' id='word_1_45' title='bbox 941 948 1206 1048; x_wconf 85' lang='lat' dir='ltr'><strong>propria</strong></span> <span class='ocrx_word' id='word_1_46' title='bbox 1223 1001 1239 1027; x_wconf 89' lang='lat'>,</span> <span class='ocrx_word' id='word_1_47' title='bbox 1274 968 1411 1013; x_wconf 90' lang='lat' dir='ltr'><strong>non</strong></span> <span class='ocrx_word' id='word_1_48' title='bbox 1431 940 1640 1035; x_wconf 60' lang='lat' dir='ltr'><strong>qliena</strong></span> <span class='ocrx_word' id='word_1_49' title='bbox 1655 986 1678 1019; x_wconf 86' lang='lat'><strong>,</strong></span> <span class='ocrx_word' id='word_1_50' title='bbox 1716 963 1915 1036; x_wconf 85' lang='lat' dir='ltr'><strong>atque</strong></span> <span class='ocrx_word' id='word_1_51' title='bbox 1936 946 2028 1009; x_wconf 85' lang='lat' dir='ltr'><strong>ita</strong></span> <span class='ocrx_word' id='word_1_52' title='bbox 2043 939 2304 1032; x_wconf 64' lang='lat' dir='ltr'><strong>proxim&gt;</strong></span> <span class='ocrx_word' id='word_1_53' title='bbox 2321 941 2743 1019; x_wconf 60' lang='lat' dir='ltr'><strong>&amp;immediati</strong></span> <span class='ocrx_word' id='word_1_54' title='bbox 2758 993 2784 1026; x_wconf 89' lang='lat'>,</span> <span class='ocrx_word' id='word_1_55' title='bbox 2815 945 2966 1016; x_wconf 70' lang='lat' dir='ltr'><strong>naua</strong></span> <span class='ocrx_word' id='word_1_56' title='bbox 2981 946 3087 1019; x_wconf 77' lang='lat' dir='ltr'><strong>in-</strong></span> 
     </span>
    </p>
   </div>
   <div class='ocr_carea' id='block_1_3' title="bbox 637 1034 3257 1144">
    <p class='ocr_par' dir='ltr' id='par_1_3' title="bbox 637 1034 3257 1144">
     <span class='ocr_line' id='line_1_8' title="bbox 637 1034 3257 1144; baseline -0.002 -21"><span class='ocrx_word' id='word_1_57' title='bbox 637 1049 989 1123; x_wconf 77' lang='lat' dir='ltr'><strong>terveniente</strong></span> <span class='ocrx_word' id='word_1_58' title='bbox 1018 1048 1250 1117; x_wconf 76' lang='lat' dir='ltr'><strong>alterius</strong></span> <span class='ocrx_word' id='word_1_59' title='bbox 1266 1061 1475 1114; x_wconf 68' lang='lat' dir='ltr'><strong>natura</strong></span> <span class='ocrx_word' id='word_1_60' title='bbox 1495 1043 1676 1113; x_wconf 75' lang='lat' dir='ltr'><strong>medio</strong></span> <span class='ocrx_word' id='word_1_61' title='bbox 1693 1090 1718 1128; x_wconf 87' lang='lat'><strong>,</strong></span> <span class='ocrx_word' id='word_1_62' title='bbox 1746 1036 1875 1113; x_wconf 80' lang='lat' dir='ltr'><strong>five</strong></span> <span class='ocrx_word' id='word_1_63' title='bbox 1894 1034 2241 1113; x_wconf 82' lang='lat' dir='ltr'><strong>substantia</strong></span> <span class='ocrx_word' id='word_1_64' title='bbox 2261 1039 2389 1115; x_wconf 82' lang='lat' dir='ltr'><strong>five</strong></span> <span class='ocrx_word' id='word_1_65' title='bbox 2414 1039 2721 1115; x_wconf 79' lang='lat' dir='ltr'><strong>accidens</strong></span> <span class='ocrx_word' id='word_1_66' title='bbox 2741 1039 2862 1115; x_wconf 85' lang='lat' dir='ltr'><strong>esse</strong></span> <span class='ocrx_word' id='word_1_67' title='bbox 2878 1065 3080 1144; x_wconf 82' lang='lat' dir='ltr'><strong>pute·</strong></span> <span class='ocrx_word' id='word_1_68' title='bbox 3186 1114 3189 1117; x_wconf 74' lang='grc'>,</span> <span class='ocrx_word' id='word_1_69' title='bbox 3252 1068 3257 1071; x_wconf 83' lang='grc'><em>’</em></span> 
     </span>
    </p>
   </div>
   <div class='ocr_carea' id='block_1_4' title="bbox 637 1173 3075 1342">
    <p class='ocr_par' dir='ltr' id='par_1_4' title="bbox 637 1173 3075 1342">
     <span class='ocr_line' id='line_1_9' title="bbox 637 1173 2637 1222; baseline -0.007 -1"><span class='ocrx_word' id='word_1_70' title='bbox 637 1173 761 1222; x_wconf 87' lang='lat' dir='ltr'><strong>tur.</strong></span> <span class='ocrx_word' id='word_1_71' title='bbox 2634 1200 2637 1207; x_wconf 92' lang='lat'>.</span> 
     </span>
     <span class='ocr_line' id='line_1_10' title="bbox 742 1238 3075 1342; baseline -0 -26"><span class='ocrx_word' id='word_1_72' title='bbox 742 1270 807 1318; x_wconf 85' lang='lat'><strong>2.</strong></span> <span class='ocrx_word' id='word_1_73' title='bbox 863 1247 962 1316; x_wconf 80' lang='lat' dir='ltr'><strong>Ac</strong></span> <span class='ocrx_word' id='word_1_74' title='bbox 996 1242 1273 1319; x_wconf 74' lang='lat' dir='ltr'><strong>similem</strong></span> <span class='ocrx_word' id='word_1_75' title='bbox 1308 1265 1667 1342; x_wconf 87' lang='lat' dir='ltr'><strong>corporum</strong></span> <span class='ocrx_word' id='word_1_76' title='bbox 1710 1238 2066 1325; x_wconf 86' lang='lat' dir='ltr'><strong>durorum,</strong></span> <span class='ocrx_word' id='word_1_77' title='bbox 2100 1265 2387 1339; x_wconf 89' lang='lat' dir='ltr'><strong>quorum</strong></span> <span class='ocrx_word' id='word_1_78' title='bbox 2428 1263 2648 1342; x_wconf 85' lang='lat' dir='ltr'><strong>partes</strong></span> <span class='ocrx_word' id='word_1_79' title='bbox 2681 1240 3075 1315; x_wconf 69' lang='lat' dir='ltr'><strong>immedinto</strong></span> 
     </span>
    </p>
   </div>
   <div class='ocr_carea' id='block_1_5' title="bbox 632 1338 3090 4158">
    <p class='ocr_par' dir='ltr' id='par_1_5' title="bbox 635 1338 3078 1543">
     <span class='ocr_line' id='line_1_11' title="bbox 637 1338 3078 1441; baseline -0.004 -20"><span class='ocrx_word' id='word_1_80' title='bbox 637 1348 952 1421; x_wconf 58' lang='lat' dir='ltr'><strong>contactu</strong></span> <span class='ocrx_word' id='word_1_81' title='bbox 973 1352 1149 1441; x_wconf 83' lang='lat' dir='ltr'><strong>juxta</strong></span> <span class='ocrx_word' id='word_1_82' title='bbox 1166 1341 1226 1412; x_wconf 90' lang='lat' dir='ltr'><strong>se</strong></span> <span class='ocrx_word' id='word_1_83' title='bbox 1249 1344 1487 1414; x_wconf 78' lang='lat' dir='ltr'><strong>mutuo</strong></span> <span class='ocrx_word' id='word_1_84' title='bbox 1507 1338 1908 1440; x_wconf 85' lang='lat' dir='ltr'><strong>quiescentes</strong></span> <span class='ocrx_word' id='word_1_85' title='bbox 1928 1339 2261 1416; x_wconf 80' lang='lat' dir='ltr'><strong>cohaetent</strong></span> <span class='ocrx_word' id='word_1_86' title='bbox 2278 1395 2302 1429; x_wconf 88' lang='lat'>,</span> <span class='ocrx_word' id='word_1_87' title='bbox 2326 1341 2451 1414; x_wconf 85' lang='lat' dir='ltr'><strong>hac</strong></span> <span class='ocrx_word' id='word_1_88' title='bbox 2476 1339 2753 1441; x_wconf 87' lang='lat' dir='ltr'><strong>quidem</strong></span> <span class='ocrx_word' id='word_1_89' title='bbox 2774 1346 2846 1415; x_wconf 91' lang='lat' dir='ltr'><strong>in</strong></span> <span class='ocrx_word' id='word_1_90' title='bbox 2863 1368 2933 1415; x_wconf 91' lang='lat' dir='ltr'><strong>re</strong></span> <span class='ocrx_word' id='word_1_91' title='bbox 2954 1338 3078 1414; x_wconf 81' lang='lat' dir='ltr'><strong>effe</strong></span> 
     </span>
     <span class='ocr_line' id='line_1_12' title="bbox 635 1440 3051 1543; baseline -0.005 -22"><span class='ocrx_word' id='word_1_92' title='bbox 635 1452 961 1520; x_wconf 85' lang='lat' dir='ltr'><strong>tationem</strong></span> <span class='ocrx_word' id='word_1_93' title='bbox 986 1497 1009 1529; x_wconf 90' lang='lat'>,</span> <span class='ocrx_word' id='word_1_94' title='bbox 1042 1469 1118 1514; x_wconf 83' lang='lat' dir='ltr'><strong>ex</strong></span> <span class='ocrx_word' id='word_1_95' title='bbox 1141 1441 1401 1538; x_wconf 78' lang='lat' dir='ltr'>Physica</span> <span class='ocrx_word' id='word_1_96' title='bbox 1429 1440 1716 1543; x_wconf 87' lang='lat' dir='ltr'><strong>generali</strong></span> <span class='ocrx_word' id='word_1_97' title='bbox 1739 1441 2116 1515; x_wconf 85' lang='lat' dir='ltr'><strong>didicimus.</strong></span> <span class='ocrx_word' id='word_1_98' title='bbox 3048 1500 3051 1509; x_wconf 93' lang='lat'><em>.</em></span> 
     </span>
    </p>

    <p class='ocr_par' dir='ltr' id='par_1_6' title="bbox 634 1540 3090 2240">
     <span class='ocr_line' id='line_1_13' title="bbox 743 1540 3081 1645; baseline 0 -30"><span class='ocrx_word' id='word_1_99' title='bbox 743 1574 808 1643; x_wconf 84' lang='lat'><strong>3.</strong></span> <span class='ocrx_word' id='word_1_100' title='bbox 860 1548 1005 1645; x_wconf 81' lang='lat' dir='ltr'>Q</span> <span class='ocrx_word' id='word_1_101' title='bbox 1045 1569 1275 1616; x_wconf 88' lang='lat' dir='ltr'><strong>contra</strong></span> <span class='ocrx_word' id='word_1_102' title='bbox 1296 1550 1648 1645; x_wconf 83' lang='lat' dir='ltr'>opinantur</span> <span class='ocrx_word' id='word_1_103' title='bbox 1667 1597 1688 1628; x_wconf 91' lang='lat'>‚</span> <span class='ocrx_word' id='word_1_104' title='bbox 1722 1545 1807 1615; x_wconf 86' lang='lat' dir='ltr'><strong>ad</strong></span> <span class='ocrx_word' id='word_1_105' title='bbox 1837 1546 2136 1642; x_wconf 85' lang='lat' dir='ltr'><strong>corporis</strong></span> <span class='ocrx_word' id='word_1_106' title='bbox 2158 1540 2226 1613; x_wconf 68' lang='grc' dir='ltr'><strong>δι’</strong></span> <span class='ocrx_word' id='word_1_107' title='bbox 2243 1543 2533 1613; x_wconf 78' lang='lat' dir='ltr'><strong>animiin</strong></span> <span class='ocrx_word' id='word_1_108' title='bbox 2551 1544 2857 1615; x_wconf 69' lang='lat' dir='ltr'><strong>Homine</strong></span> <span class='ocrx_word' id='word_1_109' title='bbox 2878 1544 3081 1615; x_wconf 80' lang='lat' dir='ltr'><strong>unio-</strong></span> 
     </span>
     <span class='ocr_line' id='line_1_14' title="bbox 636 1638 3085 1747; baseline -0.002 -27"><span class='ocrx_word' id='word_1_110' title='bbox 636 1669 795 1720; x_wconf 80' lang='lat' dir='ltr'><strong>nem</strong></span> <span class='ocrx_word' id='word_1_111' title='bbox 809 1650 1048 1747; x_wconf 82' lang='lat' dir='ltr'><strong>requiri</strong></span> <span class='ocrx_word' id='word_1_112' title='bbox 1067 1651 1333 1718; x_wconf 87' lang='lat' dir='ltr'><strong>tertium</strong></span> <span class='ocrx_word' id='word_1_113' title='bbox 1353 1643 1701 1745; x_wconf 81' lang='lat' dir='ltr'>quoddam</span> <span class='ocrx_word' id='word_1_114' title='bbox 1721 1642 1804 1716; x_wconf 86' lang='lat' dir='ltr'><strong>ab</strong></span> <span class='ocrx_word' id='word_1_115' title='bbox 1822 1667 2106 1742; x_wconf 89' lang='lat' dir='ltr'><strong>utroque</strong></span> <span class='ocrx_word' id='word_1_116' title='bbox 2124 1638 2500 1713; x_wconf 64' lang='lat' dir='ltr'><strong>distinctum</strong></span> <span class='ocrx_word' id='word_1_117' title='bbox 2524 1646 2953 1742; x_wconf 86' lang='lat' dir='ltr'><strong>principium,</strong></span> <span class='ocrx_word' id='word_1_118' title='bbox 2971 1666 3085 1715; x_wconf 80' lang='lat' dir='ltr'><strong>cu-</strong></span> 
     </span>
     <span class='ocr_line' id='line_1_15' title="bbox 634 1740 3083 1843; baseline -0.002 -23"><span class='ocrx_word' id='word_1_119' title='bbox 634 1747 741 1842; x_wconf 82' lang='lat' dir='ltr'><strong>jus</strong></span> <span class='ocrx_word' id='word_1_120' title='bbox 760 1744 1058 1819; x_wconf 87' lang='lat' dir='ltr'><strong>officium</strong></span> <span class='ocrx_word' id='word_1_121' title='bbox 1078 1742 1156 1819; x_wconf 83' lang='lat' dir='ltr'><strong>fit</strong></span> <span class='ocrx_word' id='word_1_122' title='bbox 1183 1767 1447 1818; x_wconf 83' lang='lat' dir='ltr'><strong>naturas</strong></span> <span class='ocrx_word' id='word_1_123' title='bbox 1464 1743 1603 1815; x_wconf 78' lang='lat' dir='ltr'><strong>illas</strong></span> <span class='ocrx_word' id='word_1_124' title='bbox 1627 1747 1913 1818; x_wconf 64' lang='lat' dir='ltr'><strong>extreme</strong></span> <span class='ocrx_word' id='word_1_125' title='bbox 1939 1742 2341 1820; x_wconf 84' lang='lat' dir='ltr'><strong>diffidentes,</strong></span> <span class='ocrx_word' id='word_1_126' title='bbox 2364 1766 2797 1843; x_wconf 74' lang='lat' dir='ltr'><strong>corpoream,</strong></span> <span class='ocrx_word' id='word_1_127' title='bbox 2819 1740 3083 1815; x_wconf 81' lang='lat' dir='ltr'><strong>craffam</strong></span> 
     </span>
     <span class='ocr_line' id='line_1_16' title="bbox 640 1839 3084 1944; baseline -0 -25"><span class='ocrx_word' id='word_1_128' title='bbox 640 1872 720 1920; x_wconf 80' lang='lat' dir='ltr'><strong>ac</strong></span> <span class='ocrx_word' id='word_1_129' title='bbox 752 1871 1078 1919; x_wconf 84' lang='lat' dir='ltr'><strong>terrenam</strong></span> <span class='ocrx_word' id='word_1_130' title='bbox 1110 1900 1133 1932; x_wconf 89' lang='lat'>,</span> <span class='ocrx_word' id='word_1_131' title='bbox 1188 1853 1257 1918; x_wconf 76' lang='grc' dir='ltr'><strong>δε</strong></span> <span class='ocrx_word' id='word_1_132' title='bbox 1300 1849 1758 1944; x_wconf 82' lang='lat' dir='ltr'><strong>incorpoream</strong></span> <span class='ocrx_word' id='word_1_133' title='bbox 1787 1843 1897 1917; x_wconf 87' lang='lat' dir='ltr'><strong>seu</strong></span> <span class='ocrx_word' id='word_1_134' title='bbox 1935 1839 2326 1943; x_wconf 84' lang='lat' dir='ltr'><strong>spiritualem</strong></span> <span class='ocrx_word' id='word_1_135' title='bbox 2366 1867 2442 1921; x_wconf 79' lang='lat' dir='ltr'><strong>ac</strong></span> <span class='ocrx_word' id='word_1_136' title='bbox 2476 1844 2843 1929; x_wconf 65' lang='lat' dir='ltr'><strong>caelestem,</strong></span> <span class='ocrx_word' id='word_1_137' title='bbox 2883 1843 3084 1919; x_wconf 87' lang='lat' dir='ltr'><strong>veluti</strong></span> 
     </span>
     <span class='ocr_line' id='line_1_17' title="bbox 637 1940 3085 2044; baseline 0 -28"><span class='ocrx_word' id='word_1_138' title='bbox 637 1945 939 2019; x_wconf 85' lang='lat' dir='ltr'><strong>medium</strong></span> <span class='ocrx_word' id='word_1_139' title='bbox 958 1943 1302 2041; x_wconf 86' lang='lat' dir='ltr'>quoddam</span> <span class='ocrx_word' id='word_1_140' title='bbox 1325 1951 1583 2042; x_wconf 88' lang='lat' dir='ltr'><strong>utrique</strong></span> <span class='ocrx_word' id='word_1_141' title='bbox 1607 1950 2192 2044; x_wconf 84' lang='lat' dir='ltr'><strong>proportionatum</strong></span> <span class='ocrx_word' id='word_1_142' title='bbox 2216 1987 2241 2020; x_wconf 87' lang='lat'>‚</span> <span class='ocrx_word' id='word_1_143' title='bbox 2277 1948 2448 2014; x_wconf 83' lang='lat' dir='ltr'><strong>inter</strong></span> <span class='ocrx_word' id='word_1_144' title='bbox 2464 1941 2526 2015; x_wconf 88' lang='lat' dir='ltr'><strong>se</strong></span> <span class='ocrx_word' id='word_1_145' title='bbox 2546 1940 2897 2042; x_wconf 83' lang='lat' dir='ltr'><strong>copulare:</strong></span> <span class='ocrx_word' id='word_1_146' title='bbox 2924 1942 3085 2039; x_wconf 86' lang='lat' dir='ltr'><strong>(fic-</strong></span> 
     </span>
     <span class='ocr_line' id='line_1_18' title="bbox 639 2041 3090 2143; baseline 0 -24"><span class='ocrx_word' id='word_1_147' title='bbox 639 2049 739 2119; x_wconf 83' lang='lat' dir='ltr'><strong>nti</strong></span> <span class='ocrx_word' id='word_1_148' title='bbox 774 2041 860 2114; x_wconf 85' lang='lat' dir='ltr'><strong>ad</strong></span> <span class='ocrx_word' id='word_1_149' title='bbox 889 2067 1107 2143; x_wconf 84' lang='lat' dir='ltr'><strong>partes</strong></span> <span class='ocrx_word' id='word_1_150' title='bbox 1145 2042 1467 2142; x_wconf 80' lang='lat' dir='ltr'><strong>litigantes</strong></span> <span class='ocrx_word' id='word_1_151' title='bbox 1504 2043 1945 2118; x_wconf 83' lang='lat' dir='ltr'><strong>conciliandas</strong></span> <span class='ocrx_word' id='word_1_152' title='bbox 1978 2041 2309 2116; x_wconf 81' lang='lat' dir='ltr'><strong>mediator</strong></span> <span class='ocrx_word' id='word_1_153' title='bbox 2346 2042 2448 2127; x_wconf 68' lang='lat' dir='ltr'><strong>vel</strong></span> <span class='ocrx_word' id='word_1_154' title='bbox 2467 2042 2709 2114; x_wconf 85' lang='lat' dir='ltr'><strong>arbiter</strong></span> <span class='ocrx_word' id='word_1_155' title='bbox 2726 2041 2964 2139; x_wconf 83' lang='lat' dir='ltr'><strong>aliquis</strong></span> <span class='ocrx_word' id='word_1_156' title='bbox 2977 2049 3090 2119; x_wconf 77' lang='lat' dir='ltr'><strong>in-</strong></span> 
     </span>
     <span class='ocr_line' id='line_1_19' title="bbox 645 2140 3042 2240; baseline 0 -23"><span class='ocrx_word' id='word_1_157' title='bbox 645 2168 745 2217; x_wconf 88' lang='lat' dir='ltr'><strong>ter</strong></span> <span class='ocrx_word' id='word_1_158' title='bbox 763 2141 1072 2215; x_wconf 86' lang='lat' dir='ltr'><strong>homines</strong></span> <span class='ocrx_word' id='word_1_159' title='bbox 1099 2147 1340 2240; x_wconf 78' lang='lat' dir='ltr'><strong>requiri</strong></span> <span class='ocrx_word' id='word_1_160' title='bbox 1362 2140 1607 2229; x_wconf 82' lang='lat' dir='ltr'><strong>solet3)</strong></span> <span class='ocrx_word' id='word_1_161' title='bbox 1710 2158 1715 2163; x_wconf 80' lang='grc'><em>’</em></span> <span class='ocrx_word' id='word_1_162' title='bbox 1868 2194 1873 2200; x_wconf 85' lang='lat'>-</span> <span class='ocrx_word' id='word_1_163' title='bbox 2074 2196 2079 2199; x_wconf 87' lang='lat'>-</span> <span class='ocrx_word' id='word_1_164' title='bbox 2122 2196 2125 2201; x_wconf 90' lang='lat'>-</span> <span class='ocrx_word' id='word_1_165' title='bbox 2459 2149 2487 2205; x_wconf 68' lang='grc' dir='ltr'><strong><em>Γ</em></strong></span> <span class='ocrx_word' id='word_1_166' title='bbox 2644 2204 2649 2208; x_wconf 82' lang='lat'>.</span> <span class='ocrx_word' id='word_1_167' title='bbox 2910 2194 2913 2203; x_wconf 88' lang='lat'><em>-</em></span> <span class='ocrx_word' id='word_1_168' title='bbox 3036 2184 3042 2195; x_wconf 92' lang='lat'><strong>·</strong></span> 
     </span>
    </p>

    <p class='ocr_par' dir='ltr' id='par_1_7' title="bbox 637 2241 3082 2648">
     <span class='ocr_line' id='line_1_20' title="bbox 737 2241 3082 2346; baseline 0.002 -31"><span class='ocrx_word' id='word_1_169' title='bbox 737 2271 813 2335; x_wconf 85' lang='lat'><strong>4.</strong></span> <span class='ocrx_word' id='word_1_170' title='bbox 858 2242 956 2314; x_wconf 88' lang='lat' dir='ltr'><strong>Illi</strong></span> <span class='ocrx_word' id='word_1_171' title='bbox 982 2267 1120 2314; x_wconf 89' lang='lat' dir='ltr'><strong>non</strong></span> <span class='ocrx_word' id='word_1_172' title='bbox 1143 2243 1351 2317; x_wconf 74' lang='lat' dir='ltr'><strong>modo</strong></span> <span class='ocrx_word' id='word_1_173' title='bbox 1378 2242 1505 2317; x_wconf 82' lang='lat' dir='ltr'><strong>fine</strong></span> <span class='ocrx_word' id='word_1_174' title='bbox 1529 2245 1899 2321; x_wconf 72' lang='lat' dir='ltr'><strong>necestitate</strong></span> <span class='ocrx_word' id='word_1_175' title='bbox 1920 2250 2099 2321; x_wconf 80' lang='lat' dir='ltr'><strong>entia</strong></span> <span class='ocrx_word' id='word_1_176' title='bbox 2115 2245 2550 2346; x_wconf 82' lang='lat' dir='ltr'><strong>multiplicant</strong></span> <span class='ocrx_word' id='word_1_177' title='bbox 2565 2290 2594 2324; x_wconf 73' lang='lat'><strong>&gt;</strong></span> <span class='ocrx_word' id='word_1_178' title='bbox 2615 2241 2727 2317; x_wconf 89' lang='lat' dir='ltr'><strong>sed</strong></span> <span class='ocrx_word' id='word_1_179' title='bbox 2744 2248 2946 2318; x_wconf 83' lang='lat' dir='ltr'><strong>etiam</strong></span> <span class='ocrx_word' id='word_1_180' title='bbox 2965 2243 3082 2320; x_wconf 89' lang='lat' dir='ltr'><strong>ali-</strong></span> 
     </span>
     <span class='ocr_line' id='line_1_21' title="bbox 642 2341 3079 2450; baseline 0.003 -35"><span class='ocrx_word' id='word_1_181' title='bbox 642 2342 807 2444; x_wconf 86' lang='lat' dir='ltr'><strong>quid</strong></span> <span class='ocrx_word' id='word_1_182' title='bbox 831 2370 972 2415; x_wconf 87' lang='lat' dir='ltr'><strong>non</strong></span> <span class='ocrx_word' id='word_1_183' title='bbox 997 2341 1403 2445; x_wconf 78' lang='lat' dir='ltr'><strong>intelligibile</strong></span> <span class='ocrx_word' id='word_1_184' title='bbox 1421 2344 1777 2449; x_wconf 85' lang='lat' dir='ltr'><strong>effingunt:</strong></span> <span class='ocrx_word' id='word_1_185' title='bbox 1824 2355 2141 2450; x_wconf 88' lang='lat' dir='ltr'><strong>quoniam</strong></span> <span class='ocrx_word' id='word_1_186' title='bbox 2164 2371 2399 2448; x_wconf 82' lang='lat' dir='ltr'><strong>praetet</strong></span> <span class='ocrx_word' id='word_1_187' title='bbox 2415 2373 2655 2448; x_wconf 79' lang='lat' dir='ltr'><strong>corpus</strong></span> <span class='ocrx_word' id='word_1_188' title='bbox 2675 2354 2745 2420; x_wconf 76' lang='grc' dir='ltr'><strong>δε</strong></span> <span class='ocrx_word' id='word_1_189' title='bbox 2765 2372 2915 2445; x_wconf 82' lang='lat' dir='ltr'><strong>quae</strong></span> <span class='ocrx_word' id='word_1_190' title='bbox 2934 2342 3079 2422; x_wconf 66' lang='lat' dir='ltr'><strong>finnt</strong></span> 
     </span>
     <span class='ocr_line' id='line_1_22' title="bbox 642 2445 3075 2552; baseline 0.002 -35"><span class='ocrx_word' id='word_1_191' title='bbox 642 2450 978 2548; x_wconf 87' lang='lat' dir='ltr'><strong>corporis,</strong></span> <span class='ocrx_word' id='word_1_192' title='bbox 1019 2469 1313 2518; x_wconf 88' lang='lat' dir='ltr'><strong>mentem</strong></span> <span class='ocrx_word' id='word_1_193' title='bbox 1350 2445 1613 2548; x_wconf 87' lang='lat' dir='ltr'><strong>ejusque</strong></span> <span class='ocrx_word' id='word_1_194' title='bbox 1652 2447 2031 2523; x_wconf 62' lang='lat' dir='ltr'><strong>functiones</strong></span> <span class='ocrx_word' id='word_1_195' title='bbox 2072 2448 2233 2546; x_wconf 77' lang='lat' dir='ltr'><strong>nihil</strong></span> <span class='ocrx_word' id='word_1_196' title='bbox 2266 2456 2491 2523; x_wconf 84' lang='lat' dir='ltr'><strong>animo</strong></span> <span class='ocrx_word' id='word_1_197' title='bbox 2526 2455 2798 2552; x_wconf 81' lang='lat' dir='ltr'><strong>concipi</strong></span> <span class='ocrx_word' id='word_1_198' title='bbox 2819 2450 3075 2551; x_wconf 71' lang='lat' dir='ltr'><strong>potest,</strong></span> 
     </span>
     <span class='ocr_line' id='line_1_23' title="bbox 637 2546 3061 2648; baseline 0.001 -29"><span class='ocrx_word' id='word_1_199' title='bbox 637 2546 830 2646; x_wconf 81' lang='lat' dir='ltr'><strong>quod</strong></span> <span class='ocrx_word' id='word_1_200' title='bbox 851 2552 920 2617; x_wconf 90' lang='lat' dir='ltr'><strong>in</strong></span> <span class='ocrx_word' id='word_1_201' title='bbox 943 2572 1248 2619; x_wconf 88' lang='lat' dir='ltr'><strong>verorum</strong></span> <span class='ocrx_word' id='word_1_202' title='bbox 1270 2555 1521 2621; x_wconf 82' lang='lat' dir='ltr'><strong>entium</strong></span> <span class='ocrx_word' id='word_1_203' title='bbox 1540 2547 1798 2648; x_wconf 81' lang='lat' dir='ltr'><strong>censum</strong></span> <span class='ocrx_word' id='word_1_204' title='bbox 1817 2557 2059 2624; x_wconf 85' lang='lat' dir='ltr'><strong>veniat.</strong></span> <span class='ocrx_word' id='word_1_205' title='bbox 2290 2601 2293 2606; x_wconf 88' lang='lat'>-</span> <span class='ocrx_word' id='word_1_206' title='bbox 2330 2601 2335 2606; x_wconf 69' lang='lat'><em>‚</em></span> <span class='ocrx_word' id='word_1_207' title='bbox 2380 2603 2383 2608; x_wconf 90' lang='lat'>-</span> <span class='ocrx_word' id='word_1_208' title='bbox 2432 2609 2437 2612; x_wconf 86' lang='lat'><em>.</em></span> <span class='ocrx_word' id='word_1_209' title='bbox 2554 2581 2562 2590; x_wconf 88' lang='lat'><strong>·</strong></span> <span class='ocrx_word' id='word_1_210' title='bbox 2658 2609 2669 2614; x_wconf 70' lang='lat'>,</span> <span class='ocrx_word' id='word_1_211' title='bbox 2890 2559 2897 2564; x_wconf 84' lang='grc'><em>“</em></span> <span class='ocrx_word' id='word_1_212' title='bbox 2942 2585 2945 2588; x_wconf 94' lang='grc'><em>·</em></span> <span class='ocrx_word' id='word_1_213' title='bbox 2986 2613 2989 2618; x_wconf 93' lang='grc'>.</span> <span class='ocrx_word' id='word_1_214' title='bbox 3056 2613 3061 2622; x_wconf 93' lang='grc'><strong>.</strong></span> 
     </span>
    </p>

    <p class='ocr_par' dir='ltr' id='par_1_8' title="bbox 638 2647 3071 3046">
     <span class='ocr_line' id='line_1_24' title="bbox 743 2647 3071 2753; baseline 0.002 -36"><span class='ocrx_word' id='word_1_215' title='bbox 743 2675 776 2743; x_wconf 83' lang='lat'>5</span> <span class='ocrx_word' id='word_1_216' title='bbox 791 2703 812 2725; x_wconf 83' lang='lat'><strong>.</strong></span> <span class='ocrx_word' id='word_1_217' title='bbox 860 2647 1010 2720; x_wconf 91' lang='lat' dir='ltr'><strong>Nec</strong></span> <span class='ocrx_word' id='word_1_218' title='bbox 1032 2647 1204 2720; x_wconf 87' lang='lat' dir='ltr'><strong>aliud</strong></span> <span class='ocrx_word' id='word_1_219' title='bbox 1226 2648 1667 2747; x_wconf 89' lang='lat' dir='ltr'><strong>quodcunque</strong></span> <span class='ocrx_word' id='word_1_220' title='bbox 1690 2678 1935 2753; x_wconf 86' lang='lat' dir='ltr'><strong>corpus</strong></span> <span class='ocrx_word' id='word_1_221' title='bbox 1950 2707 1967 2734; x_wconf 90' lang='lat'><em>‚</em></span> <span class='ocrx_word' id='word_1_222' title='bbox 1994 2654 2089 2722; x_wconf 90' lang='lat' dir='ltr'><strong>uti</strong></span> <span class='ocrx_word' id='word_1_223' title='bbox 2108 2648 2399 2751; x_wconf 83' lang='lat' dir='ltr'><strong>spiritum</strong></span> <span class='ocrx_word' id='word_1_224' title='bbox 2418 2648 3071 2727; x_wconf 65' lang='lat' dir='ltr'><strong>eaelestemnelaethe.</strong></span> 
     </span>
     <span class='ocr_line' id='line_1_25' title="bbox 638 2749 3070 2857; baseline 0.001 -36"><span class='ocrx_word' id='word_1_225' title='bbox 638 2751 811 2821; x_wconf 75' lang='lat' dir='ltr'><strong>rium</strong></span> <span class='ocrx_word' id='word_1_226' title='bbox 830 2791 850 2826; x_wconf 89' lang='lat'>,</span> <span class='ocrx_word' id='word_1_227' title='bbox 887 2772 1091 2844; x_wconf 88' lang='lat' dir='ltr'><strong>quem</strong></span> <span class='ocrx_word' id='word_1_228' title='bbox 1119 2749 1419 2821; x_wconf 88' lang='lat' dir='ltr'><strong>nonnulli</strong></span> <span class='ocrx_word' id='word_1_229' title='bbox 1449 2775 1730 2834; x_wconf 82' lang='lat' dir='ltr'><strong>vocant,</strong></span> <span class='ocrx_word' id='word_1_230' title='bbox 1755 2758 1984 2824; x_wconf 84' lang='lat' dir='ltr'><strong>animae</strong></span> <span class='ocrx_word' id='word_1_231' title='bbox 2003 2775 2109 2823; x_wconf 84' lang='lat' dir='ltr'><strong>ma</strong></span> <span class='ocrx_word' id='word_1_232' title='bbox 2162 2758 2212 2822; x_wconf 84' lang='lat' dir='ltr'><strong>is</strong></span> <span class='ocrx_word' id='word_1_233' title='bbox 2227 2751 2815 2857; x_wconf 56' lang='lat' dir='ltr'><strong>proportionalium</strong></span> <span class='ocrx_word' id='word_1_234' title='bbox 2831 2803 2857 2838; x_wconf 89' lang='lat'>,</span> <span class='ocrx_word' id='word_1_235' title='bbox 2873 2752 3070 2854; x_wconf 59' lang='lat' dir='ltr'><strong>quim</strong></span> 
     </span>
     <span class='ocr_line' id='line_1_26' title="bbox 641 2780 3068 2955; baseline 0.003 -38"><span class='ocrx_word' id='word_1_236' title='bbox 641 2847 733 2917; x_wconf 84' lang='lat' dir='ltr'><strong>est</strong></span> <span class='ocrx_word' id='word_1_237' title='bbox 770 2845 1179 2934; x_wconf 75' lang='lat' dir='ltr'><strong>humanum,</strong></span> <span class='ocrx_word' id='word_1_238' title='bbox 1240 2851 1704 2923; x_wconf 85' lang='lat' dir='ltr'><strong>intermedium</strong></span> <span class='ocrx_word' id='word_1_239' title='bbox 1743 2855 1988 2954; x_wconf 88' lang='lat' dir='ltr'><strong>fingere</strong></span> <span class='ocrx_word' id='word_1_240' title='bbox 2011 2780 2253 2953; x_wconf 55' lang='lat' dir='ltr'><strong>pofiis:</strong></span> <span class='ocrx_word' id='word_1_241' title='bbox 2284 2850 2835 2955; x_wconf 81' lang='lat' dir='ltr'><strong>quandoquidem</strong></span> <span class='ocrx_word' id='word_1_242' title='bbox 2865 2873 3068 2925; x_wconf 78' lang='lat' dir='ltr'><strong>omne</strong></span> 
     </span>
     <span class='ocr_line' id='line_1_27' title="bbox 640 2944 2751 3046; baseline 0.004 -27"><span class='ocrx_word' id='word_1_243' title='bbox 640 2971 878 3046; x_wconf 74' lang='lat' dir='ltr'><strong>corpus</strong></span> <span class='ocrx_word' id='word_1_244' title='bbox 902 2948 1127 3020; x_wconf 63' lang='lat' dir='ltr'><strong>natura</strong></span> <span class='ocrx_word' id='word_1_245' title='bbox 1148 2944 1252 3020; x_wconf 64' lang='lat' dir='ltr'><strong>sui</strong></span> <span class='ocrx_word' id='word_1_246' title='bbox 1273 2951 1454 3046; x_wconf 69' lang='lat' dir='ltr'><strong>:eque</strong></span> <span class='ocrx_word' id='word_1_247' title='bbox 1474 2947 1695 3022; x_wconf 84' lang='lat' dir='ltr'><strong>differt</strong></span> <span class='ocrx_word' id='word_1_248' title='bbox 1714 2951 1747 3026; x_wconf 73' lang='grc' dir='ltr'>ὲ</span> <span class='ocrx_word' id='word_1_249' title='bbox 1768 2956 2026 3025; x_wconf 88' lang='lat' dir='ltr'><strong>Mente.</strong></span> <span class='ocrx_word' id='word_1_250' title='bbox 2744 2985 2751 2992; x_wconf 93' lang='lat'><strong>·</strong></span> 
     </span>
    </p>

    <p class='ocr_par' dir='ltr' id='par_1_9' title="bbox 639 3046 3069 3455">
     <span class='ocr_line' id='line_1_28' title="bbox 737 3046 3069 3154; baseline 0.003 -34"><span class='ocrx_word' id='word_1_251' title='bbox 737 3058 810 3120; x_wconf 89' lang='lat'><strong>6.</strong></span> <span class='ocrx_word' id='word_1_252' title='bbox 854 3051 941 3121; x_wconf 85' lang='lat' dir='ltr'><strong>Et</strong></span> <span class='ocrx_word' id='word_1_253' title='bbox 970 3047 1169 3145; x_wconf 53' lang='lat' dir='ltr'><strong>quim</strong></span> <span class='ocrx_word' id='word_1_254' title='bbox 1210 3046 1379 3120; x_wconf 91' lang='lat' dir='ltr'><strong>bene</strong></span> <span class='ocrx_word' id='word_1_255' title='bbox 1412 3075 1649 3150; x_wconf 84' lang='lat' dir='ltr'><strong>corpus</strong></span> <span class='ocrx_word' id='word_1_256' title='bbox 1673 3060 2059 3147; x_wconf 88' lang='lat' dir='ltr'><strong>organicum</strong></span> <span class='ocrx_word' id='word_1_257' title='bbox 2089 3106 2112 3140; x_wconf 87' lang='lat'>‚</span> <span class='ocrx_word' id='word_1_258' title='bbox 2162 3058 2233 3124; x_wconf 87' lang='lat' dir='ltr'><strong>in</strong></span> <span class='ocrx_word' id='word_1_259' title='bbox 2269 3076 2410 3154; x_wconf 83' lang='lat' dir='ltr'><strong>quo</strong></span> <span class='ocrx_word' id='word_1_260' title='bbox 2440 3077 2581 3130; x_wconf 83' lang='lat' dir='ltr'><strong>non</strong></span> <span class='ocrx_word' id='word_1_261' title='bbox 2613 3053 2834 3127; x_wconf 74' lang='lat' dir='ltr'><strong>modo</strong></span> <span class='ocrx_word' id='word_1_262' title='bbox 2861 3050 3069 3130; x_wconf 77' lang='lat' dir='ltr'><strong>ctaffae</strong></span> 
     </span>
     <span class='ocr_line' id='line_1_29' title="bbox 639 3140 3068 3253; baseline 0.005 -37"><span class='ocrx_word' id='word_1_263' title='bbox 639 3169 859 3246; x_wconf 80' lang='lat' dir='ltr'><strong>partes</strong></span> <span class='ocrx_word' id='word_1_264' title='bbox 900 3146 1146 3219; x_wconf 82' lang='lat' dir='ltr'><strong>haerent</strong></span> <span class='ocrx_word' id='word_1_265' title='bbox 1170 3198 1191 3228; x_wconf 93' lang='lat'>‚</span> <span class='ocrx_word' id='word_1_266' title='bbox 1229 3140 1339 3219; x_wconf 91' lang='lat' dir='ltr'><strong>sed</strong></span> <span class='ocrx_word' id='word_1_267' title='bbox 1377 3155 1570 3222; x_wconf 82' lang='lat' dir='ltr'><strong>etiam</strong></span> <span class='ocrx_word' id='word_1_268' title='bbox 1602 3148 1869 3225; x_wconf 83' lang='lat' dir='ltr'><strong>subtiles</strong></span> <span class='ocrx_word' id='word_1_269' title='bbox 1903 3150 2156 3253; x_wconf 79' lang='lat' dir='ltr'><strong>spiritus</strong></span> <span class='ocrx_word' id='word_1_270' title='bbox 2187 3179 2501 3233; x_wconf 75' lang='lat' dir='ltr'><strong>currunt,</strong></span> <span class='ocrx_word' id='word_1_271' title='bbox 2532 3155 2861 3229; x_wconf 71' lang='lat' dir='ltr'><strong>voluntati</strong></span> <span class='ocrx_word' id='word_1_272' title='bbox 2882 3153 3068 3229; x_wconf 61' lang='lat' dir='ltr'><strong>obse-⁶</strong></span> 
     </span>
     <span class='ocr_line' id='line_1_30' title="bbox 642 3243 3066 3359; baseline 0.006 -42"><span class='ocrx_word' id='word_1_273' title='bbox 642 3268 916 3345; x_wconf 82' lang='lat' dir='ltr'><strong>quentes</strong></span> <span class='ocrx_word' id='word_1_274' title='bbox 938 3296 960 3327; x_wconf 84' lang='lat'>,</span> <span class='ocrx_word' id='word_1_275' title='bbox 999 3243 1415 3321; x_wconf 65' lang='lat' dir='ltr'><strong>Theomnv.</strong></span> <span class='ocrx_word' id='word_1_276' title='bbox 1437 3257 1528 3345; x_wconf 87' lang='lat'><strong>48</strong></span> <span class='ocrx_word' id='word_1_277' title='bbox 1545 3249 1769 3350; x_wconf 70' lang='lat' dir='ltr'><strong>20sqq.</strong></span> <span class='ocrx_word' id='word_1_278' title='bbox 1806 3259 2262 3355; x_wconf 81' lang='lat' dir='ltr'><strong>menti·agenti</strong></span> <span class='ocrx_word' id='word_1_279' title='bbox 2298 3253 3066 3359; x_wconf 68' lang='lat' dir='ltr'><strong>&amp;patientifitptopox-</strong></span> 
     </span>
     <span class='ocr_line' id='line_1_31' title="bbox 641 3342 2861 3455; baseline 0.004 -35"><span class='ocrx_word' id='word_1_280' title='bbox 641 3353 967 3424; x_wconf 83' lang='lat' dir='ltr'><strong>tionatum</strong></span> <span class='ocrx_word' id='word_1_281' title='bbox 990 3394 1012 3429; x_wconf 88' lang='lat'>‚</span> <span class='ocrx_word' id='word_1_282' title='bbox 1055 3346 1092 3416; x_wconf 82' lang='grc' dir='ltr'>ὲ</span> <span class='ocrx_word' id='word_1_283' title='bbox 1113 3342 1542 3444; x_wconf 85' lang='lat' dir='ltr'><strong>superioribus</strong></span> <span class='ocrx_word' id='word_1_284' title='bbox 1557 3350 1784 3448; x_wconf 88' lang='lat' dir='ltr'><strong>liquet.</strong></span> <span class='ocrx_word' id='word_1_285' title='bbox 1840 3358 2099 3453; x_wconf 87' lang='lat' dir='ltr'><strong>Repete</strong></span> <span class='ocrx_word' id='word_1_286' title='bbox 2122 3379 2198 3424; x_wconf 81' lang='lat' dir='ltr'><strong>ca</strong></span> <span class='ocrx_word' id='word_1_287' title='bbox 2250 3407 2267 3426; x_wconf 90' lang='lat'><strong><em>.</em></strong></span> <span class='ocrx_word' id='word_1_288' title='bbox 2290 3360 2477 3428; x_wconf 77' lang='lat' dir='ltr'><strong>XXI.</strong></span> <span class='ocrx_word' id='word_1_289' title='bbox 2504 3382 2614 3453; x_wconf 88' lang='lat'><strong>¹7·</strong></span> <span class='ocrx_word' id='word_1_290' title='bbox 2629 3352 2774 3455; x_wconf 88' lang='lat' dir='ltr'><strong>sqq.</strong></span> <span class='ocrx_word' id='word_1_291' title='bbox 2856 3415 2861 3418; x_wconf 92' lang='lat'>.</span> 
     </span>
    </p>

    <p class='ocr_par' dir='ltr' id='par_1_10' title="bbox 632 3381 3074 3960">
     <span class='ocr_line' id='line_1_32' title="bbox 739 3381 3071 3555; baseline 0.003 -34"><span class='ocrx_word' id='word_1_292' title='bbox 739 3477 813 3547; x_wconf 87' lang='lat'><strong>7.</strong></span> <span class='ocrx_word' id='word_1_293' title='bbox 868 3443 1062 3520; x_wconf 86' lang='lat' dir='ltr'><strong>Adde</strong></span> <span class='ocrx_word' id='word_1_294' title='bbox 1097 3444 1286 3543; x_wconf 70' lang='lat' dir='ltr'><strong>quod</strong></span> <span class='ocrx_word' id='word_1_295' title='bbox 1316 3448 1430 3519; x_wconf 88' lang='lat' dir='ltr'><strong>ista</strong></span> <span class='ocrx_word' id='word_1_296' title='bbox 1463 3457 1729 3551; x_wconf 83' lang='lat' dir='ltr'><strong>opinio,</strong></span> <span class='ocrx_word' id='word_1_297' title='bbox 1768 3451 2103 3526; x_wconf 81' lang='lat' dir='ltr'><strong>demedio</strong></span> <span class='ocrx_word' id='word_1_298' title='bbox 2141 3381 2554 3555; x_wconf 59' lang='lat' dir='ltr'><strong>atfcorporis</strong></span> <span class='ocrx_word' id='word_1_299' title='bbox 2575 3465 2646 3530; x_wconf 89' lang='lat'>&amp;</span> <span class='ocrx_word' id='word_1_300' title='bbox 2668 3459 3071 3529; x_wconf 75' lang='lat' dir='ltr'><strong>animaecon·</strong></span> 
     </span>
     <span class='ocr_line' id='line_1_33' title="bbox 637 3545 3069 3657; baseline 0.004 -39"><span class='ocrx_word' id='word_1_301' title='bbox 637 3553 1047 3641; x_wconf 63' lang='lat' dir='ltr'><strong>junctionem</strong></span> <span class='ocrx_word' id='word_1_302' title='bbox 1077 3545 1465 3635; x_wconf 81' lang='lat' dir='ltr'><strong>neceffario,</strong></span> <span class='ocrx_word' id='word_1_303' title='bbox 1502 3551 1641 3628; x_wconf 83' lang='lat' dir='ltr'><strong>aliis</strong></span> <span class='ocrx_word' id='word_1_304' title='bbox 1675 3557 2183 3648; x_wconf 65' lang='lat' dir='ltr'><strong>conjunctionis.</strong></span> <span class='ocrx_word' id='word_1_305' title='bbox 2207 3553 2399 3652; x_wconf 81' lang='lat' dir='ltr'><strong>hujus</strong></span> <span class='ocrx_word' id='word_1_306' title='bbox 2467 3554 2940 3657; x_wconf 81' lang='lat' dir='ltr'><strong>toprietatibus</strong></span> <span class='ocrx_word' id='word_1_307' title='bbox 2955 3555 3069 3628; x_wconf 82' lang='lat' dir='ltr'><strong>ad·-</strong></span> 
     </span>
     <span class='ocr_line' id='line_1_34' title="bbox 636 3647 3071 3750; baseline 0.005 -33"><span class='ocrx_word' id='word_1_308' title='bbox 636 3647 938 3724; x_wconf 86' lang='lat' dir='ltr'><strong>vetsatut.</strong></span> <span class='ocrx_word' id='word_1_309' title='bbox 1005 3651 1184 3720; x_wconf 87' lang='lat' dir='ltr'><strong>Nam</strong></span> <span class='ocrx_word' id='word_1_310' title='bbox 1218 3657 1330 3748; x_wconf 87' lang='lat' dir='ltr'><strong>qui</strong></span> <span class='ocrx_word' id='word_1_311' title='bbox 1359 3648 1444 3722; x_wconf 84' lang='lat' dir='ltr'><strong>ad</strong></span> <span class='ocrx_word' id='word_1_312' title='bbox 1471 3677 1547 3724; x_wconf 81' lang='lat' dir='ltr'><strong>ea</strong></span> <span class='ocrx_word' id='word_1_313' title='bbox 1581 3679 1727 3750; x_wconf 82' lang='lat' dir='ltr'><strong>quae</strong></span> <span class='ocrx_word' id='word_1_314' title='bbox 1746 3654 2020 3727; x_wconf 81' lang='lat' dir='ltr'><strong>diximus</strong></span> <span class='ocrx_word' id='word_1_315' title='bbox 2041 3680 2117 3726; x_wconf 90' lang='lat' dir='ltr'><strong>ac</strong></span> <span class='ocrx_word' id='word_1_316' title='bbox 2139 3653 2381 3730; x_wconf 67' lang='lat' dir='ltr'><strong>dicturi</strong></span> <span class='ocrx_word' id='word_1_317' title='bbox 2423 3653 2612 3731; x_wconf 80' lang='lat' dir='ltr'><strong>umus</strong></span> <span class='ocrx_word' id='word_1_318' title='bbox 2632 3661 2933 3729; x_wconf 83' lang='lat' dir='ltr'><strong>animum</strong></span> <span class='ocrx_word' id='word_1_319' title='bbox 2955 3656 3071 3728; x_wconf 75' lang='lat' dir='ltr'><strong>ad-</strong></span> 
     </span>
     <span class='ocr_line' id='line_1_35' title="bbox 633 3748 3074 3847; baseline 0.008 -34"><span class='ocrx_word' id='word_1_320' title='bbox 633 3750 828 3817; x_wconf 84' lang='lat' dir='ltr'><strong>vertit</strong></span> <span class='ocrx_word' id='word_1_321' title='bbox 849 3789 874 3822; x_wconf 80' lang='grc'><strong><em>,</em></strong></span> <span class='ocrx_word' id='word_1_322' title='bbox 905 3748 1240 3847; x_wconf 74' lang='lat' dir='ltr'><strong>perspicue</strong></span> <span class='ocrx_word' id='word_1_323' title='bbox 1276 3751 1498 3836; x_wconf 87' lang='lat' dir='ltr'><strong>videt,</strong></span> <span class='ocrx_word' id='word_1_324' title='bbox 1533 3753 1785 3826; x_wconf 87' lang='lat' dir='ltr'><strong>nullum</strong></span> <span class='ocrx_word' id='word_1_325' title='bbox 1819 3756 1989 3830; x_wconf 82' lang='lat' dir='ltr'><strong>illius</strong></span> <span class='ocrx_word' id='word_1_326' title='bbox 2022 3762 2480 3833; x_wconf 89' lang='lat' dir='ltr'><strong>commenticii</strong></span> <span class='ocrx_word' id='word_1_327' title='bbox 2510 3756 2715 3832; x_wconf 86' lang='lat' dir='ltr'><strong>medii</strong></span> <span class='ocrx_word' id='word_1_328' title='bbox 2747 3754 2933 3832; x_wconf 78' lang='lat' dir='ltr'><strong>ufitm</strong></span> <span class='ocrx_word' id='word_1_329' title='bbox 2964 3755 3074 3832; x_wconf 76' lang='lat' dir='ltr'><strong>vei</strong></span> 
     </span>
     <span class='ocr_line' id='line_1_36' title="bbox 632 3841 3065 3960; baseline 0.012 -47"><span class='ocrx_word' id='word_1_330' title='bbox 632 3841 932 3917; x_wconf 87' lang='lat' dir='ltr'><strong>officium</strong></span> <span class='ocrx_word' id='word_1_331' title='bbox 956 3850 1020 3930; x_wconf 80' lang='lat' dir='ltr'><strong>in</strong></span> <span class='ocrx_word' id='word_1_332' title='bbox 1055 3854 1354 3922; x_wconf 85' lang='lat' dir='ltr'><strong>Homine</strong></span> <span class='ocrx_word' id='word_1_333' title='bbox 1375 3857 1858 3958; x_wconf 79' lang='lat' dir='ltr'><strong>componendo</strong></span> <span class='ocrx_word' id='word_1_334' title='bbox 1878 3856 2180 3960; x_wconf 88' lang='lat' dir='ltr'><strong>relinqui.</strong></span> <span class='ocrx_word' id='word_1_335' title='bbox 2918 3863 2939 3908; x_wconf 61' lang='lat'><em>7</em></span> <span class='ocrx_word' id='word_1_336' title='bbox 3018 3903 3025 3908; x_wconf 92' lang='lat'><strong>·</strong></span> <span class='ocrx_word' id='word_1_337' title='bbox 3060 3881 3065 3887; x_wconf 88' lang='grc'><strong>’</strong></span> 
     </span>
    </p>

    <p class='ocr_par' dir='ltr' id='par_1_11' title="bbox 737 3939 3061 4064">
     <span class='ocr_line' id='line_1_37' title="bbox 737 3939 3061 4064; baseline 0.003 -40"><span class='ocrx_word' id='word_1_338' title='bbox 737 3952 806 4031; x_wconf 72' lang='grc'><strong>8,,-</strong></span> <span class='ocrx_word' id='word_1_339' title='bbox 859 3939 996 4017; x_wconf 73' lang='lat' dir='ltr'><strong>Hic</strong></span> <span class='ocrx_word' id='word_1_340' title='bbox 1017 3961 1176 4060; x_wconf 74' lang='lat' dir='ltr'><strong>ergo</strong></span> <span class='ocrx_word' id='word_1_341' title='bbox 1197 3950 1638 4032; x_wconf 83' lang='lat' dir='ltr'><strong>confidetetur</strong></span> <span class='ocrx_word' id='word_1_342' title='bbox 1656 4009 1682 4046; x_wconf 86' lang='lat'>‚</span> <span class='ocrx_word' id='word_1_343' title='bbox 1699 3957 1887 4064; x_wconf 82' lang='lat' dir='ltr'><strong>quod</strong></span> <span class='ocrx_word' id='word_1_344' title='bbox 1911 3958 2375 4046; x_wconf 82' lang='lat' dir='ltr'><strong>immediatum</strong></span> <span class='ocrx_word' id='word_1_345' title='bbox 2391 3960 2553 4044; x_wconf 85' lang='lat' dir='ltr'><strong>illud</strong></span> <span class='ocrx_word' id='word_1_346' title='bbox 2569 3967 2638 4040; x_wconf 76' lang='grc' dir='ltr'><strong>δι</strong></span> <span class='ocrx_word' id='word_1_347' title='bbox 2650 3958 3061 4061; x_wconf 80' lang='lat' dir='ltr'><strong>proximum,</strong></span> 
     </span>
    </p>

    <p class='ocr_par' dir='ltr' id='par_1_12' title="bbox 728 4068 3071 4158">
     <span class='ocr_line' id='line_1_38' title="bbox 728 4068 3071 4158; baseline 0.005 -37"><span class='ocrx_word' id='word_1_348' title='bbox 728 4073 734 4078; x_wconf 80' lang='grc'><em>·</em></span> <span class='ocrx_word' id='word_1_349' title='bbox 1750 4068 1764 4081; x_wconf 84' lang='grc'>·</span> <span class='ocrx_word' id='word_1_350' title='bbox 2832 4079 3071 4158; x_wconf 62' lang='lat' dir='ltr'><strong>copti--⁸</strong></span> 
     </span>
    </p>
   </div>
  </div>
 </body>
</html>
