3391 4418
1352 116 1417 202 P
1538 144 1607 202 H
1725 144 1781 200 Y
1905 121 1940 199 ς’
2067 141 2102 198 1
2224 143 2273 197 c
2394 141 2459 198 A

659 141 924 342 3⁸505.
979 243 1143 314 Hoc
1180 235 1382 338 igitur
1409 255 1679 333 agamus
1711 227 1943 302 sedule>
1967 283 1990 316 ,
2021 237 2093 303 δι
2116 230 2383 321 quomodo
2403 226 2705 302 extribus
2735 272 2761 308 ‚
2799 256 2946 329 quae
2965 233 3090 307 sta„-

657 353 898 424 ruimus
918 393 938 421 ‚
983 340 1320 412 elementis
1332 386 1356 417 -‚
1397 334 1572 407 vasta
1584 328 1819 404 mundi
1832 355 2120 432 corpora
2133 328 2297 400 fiant
2329 344 2523 426 (nam
2538 332 2684 422 quod
2712 330 2868 404 inde
2888 334 3087 424 satiba,

662 457 795 548 jam
812 450 881 515 in
900 434 1292 513 antecessum
1307 432 1556 508 docere
1574 432 1961 505 instituimus
1983 434 2045 509 §.
2066 437 2159 527 48
2177 457 2204 520 3
2219 483 2236 502 .
2257 436 2282 522 )
2342 426 2648 528 quasnam
2668 429 2826 503 inde
2837 439 3093 529 proprie-

662 566 813 621 tates
834 537 1281 614 nanciscantur
1301 589 1325 623 ,
1361 534 1681 638 paulatim
1704 542 1775 610 δέ
1790 528 1968 631 quafi
1987 552 2105 629 per
2125 527 2361 630 gradus
2380 527 2911 629 contemplemur
2929 577 2952 611 ,
2984 559 3094 606 or.

670 645 927 725 dientes
946 640 983 713 εὶ
1000 636 1205 725 coelo‚
1219 662 1359 737 quo
1382 634 1545 708 nihil
1563 638 1634 707 in
1647 627 1976 719 universo
1997 629 2418 730 patetlatius.
2462 635 2563 705 Ac
2578 627 2763 707 ficuti
2780 633 3095 707 volumen

675 750 689 763 '
742 770 899 846 gens
940 740 1321 818 evolventes
1356 734 1647 837 (respice
1676 739 2022 831 antiquum
2043 726 2355 803 volvendi
2382 737 2688 809 morem)
2725 735 2984 805 initium
2999 731 3099 806 fa-

674 849 859 919 ciunt
889 840 975 913 ab
999 845 1313 914 exteriore
1334 883 1359 916 ‚
1403 835 1592 936 quod
1628 834 1879 934 reliqua
1918 827 2133 902 ambit
2150 882 2172 913 ,
2198 824 2371 902 folio
2403 860 2421 902 ε
2465 837 2552 903 ita
2590 854 2715 900 nos
2743 837 2818 901 ‘in
2849 859 3097 936 magno

672 942 909 1017 mundi
929 941 1107 1014 libro
1122 938 1515 1040 explicando
1534 936 1713 1010 redte
1730 937 2081 1033 incipimus
2100 927 2139 1000 οἱ
2157 928 2387 1017 Coelo,
2408 927 2829 1028 quodambit
2849 939 3098 1006 omnia.

642 1116 649 1125 ,
671 1045 883 1118 Simili
897 1041 1130 1114 ordine
1148 1050 1283 1139 jam
1298 1035 1484 1136 supra
1504 1035 1591 1108 ab
1612 1038 1932 1110 exteriore
1959 1054 2328 1129 corporum
2355 1030 2562 1132 figura
2592 1026 2678 1102 ad
2713 1033 3098 1106 interiorem

672 1168 994 1247 potorum
1011 1138 1626 1246 progrediebamur.
1645 1143 1713 1218 5.
1744 1145 1903 1228 306.
1936 1158 1964 1224 3
1986 1156 2012 1202 1
2025 1160 2097 1226 4.

1058 1340 1334 1432 XIV.
1405 1340 1676 1425 Caelusn
1713 1334 1808 1434 ἀ
1844 1334 1989 1418 Sol.
2044 1347 2215 1417 Lux
2246 1268 2329 1416 irs
2357 1352 2683 1443 utroque.

735 1550 900 1637 506.
1107 1534 1410 1614 OElum‚
1446 1529 1766 1629 fiq‘uidem
1783 1537 1859 1603 in
1881 1528 2118 1603 orbern
2140 1535 2389 1629 agitur,
2411 1528 2476 1629 §.
2492 1550 2579 1624 45
2597 1553 2663 1599 2.
2683 1526 2724 1600 ὲ
2743 1549 2980 1601 centro
3006 1529 3102 1605 sui

1111 1628 1360 1709 motus,
1379 1653 1704 1726 quantum
1727 1629 1956 1730 inipso
1978 1630 2068 1701 est
2082 1681 2105 1715 ‚
2138 1654 2258 1727 per
2273 1628 2474 1701 lineas
2498 1631 2709 1701 reQas
2730 1626 2908 1708 abire
2948 1636 3106 1705 niti-

676 1757 803 1811 tur.
845 1738 911 1814 §.
938 1758 1094 1831 157·
2681 1752 2686 1759 ·

787 1859 953 1929 507.
1004 1836 1193 1904 Haut
1209 1826 1387 1901 secus
1402 1851 1480 1899 ac
1494 1826 1658 1928 lapis
1673 1829 1743 1897 in
1757 1820 2231 1927 fundarotatus
2246 1871 2269 1908 ‚
2293 1823 2503 1914 versus
2520 1855 2754 1904 omnes
2764 1856 2982 1933 partes
2997 1856 3100 1905 re-
3155 1892 3159 1899 Α

677 1935 913 2011 cedere
935 1956 1214 2006 conatur
1229 1931 1268 2001 εὶ
1286 1955 1483 2002 manu
1496 1983 1519 2015 ,
1559 1953 1705 2026 quae
1718 1931 1789 2000 in
1806 1952 2037 2000 centro
2059 1925 2230 2002 illius
2246 1925 2469 1998 circuli
2486 1929 2597 2000 est.
2617 1933 2681 2008 §.
2701 1958 2728 2004 1
2746 1956 2776 2031 5
2795 1941 2859 2003 8.

786 2039 949 2125 508.
1004 2035 1248 2128 Neque
1283 2036 1459 2099 enim
1492 2026 1630 2098 hoc
1660 2030 1941 2128 *gravibus
1988 2026 2383 2129 corporibus
2418 2028 2743 2126 peculiare
2786 2032 2908 2103 ess'e
2931 2085 2953 2115 ,
2991 2029 3102 2104 sed

684 2127 1075 2206 omnibusin
1093 2127 1329 2202 orbem
1348 2131 1505 2201 astis
1521 2151 1875 2211 commune
1895 2183 1918 2217 ,
1942 2153 2125 2230 patet
2148 2154 2222 2203 ex
2252 2129 2313 2228 §.
2345 2152 2503 2223 159.
2559 2129 2709 2203 Nec
2729 2132 2944 2234 potest
2978 2130 3104 2204 este

683 2233 724 2305 ὲ
752 2232 961 2304 duritie
983 2277 1004 2308 ‚
1037 2233 1192 2304 curn
1229 2256 1306 2300 ea
1339 2253 1476 2301 non
1515 2235 1583 2300 in
1620 2253 1849 2313 motu,
1895 2227 2005 2303 sed
2047 2234 2266 2329 quiete
2301 2225 2624 2302 confistn.
2661 2234 2723 2309 §.
2746 2240 2912 2324 238.
2962 2229 3108 2305 Etfi

682 2352 1076 2409 moveantur
1093 2330 1275 2416 dura,
1291 2355 1431 2402 non
1450 2354 1736 2430 apparet,
1761 2329 2117 2428 quomodo
2135 2333 2202 2407 vi
2219 2327 2483 2403 duritiei
2504 2339 2711 2434 magis
2724 2332 2808 2406 ad
2824 2334 3104 2415 redium,

683 2432 891 2532 quam
915 2429 994 2501 ad
1018 2429 1371 2530 obliquum
1391 2453 1652 2502 motum
1669 2437 1759 2502 im
1809 2430 2109 2526 ellaqtur.

789 2556 952 2625 509.
1011 2536 1348 2629 Denique,
1371 2525 1420 2600 fi
1448 2530 1611 2629 quid
1632 2532 1716 2603 eo
1771 2535 1940 2604 aciat
1972 2531 2272 2612 durities,
2297 2531 2581 2629 stabilitas
2619 2530 2694 2608 ἄν
2721 2530 3063 2629 confistentia
3082 2589 3109 2623 ,

684 2658 828 2730 quae
847 2631 950 2703 vel
968 2632 1248 2703 maxime
1264 2633 1354 2703 est
1372 2632 1442 2700 in
1510 2628 1755 2704 lobuh's
1773 2631 2139 2705 coelestibus
2158 2677 2179 2712 ‚
2210 2633 2271 2732 §.
2292 2638 2463 2725 478.
2496 2657 2582 2703 eo
2609 2637 2882 2704 nomine
2910 2632 3110 2707 intel-

680 2730 945 2834 ligenda
958 2740 1116 2819 erit,
1141 2758 1344 2830 quam
1356 2728 1441 2803 ad
1480 2727 1699 2808 ensum
1721 2738 1928 2807 taetus
1946 2731 2172 2806 referri
2192 2730 2354 2803 nihil
2375 2737 2633 2803 attinet.
2650 2732 2709 2831 §.
2736 2758 2774 2803 2
2786 2760 2821 2831 5
2842 2760 2867 2805 ι
2881 2783 2903 2805 .
3094 2818 3099 2824 ,

786 2857 819 2924 5
842 2855 944 2900 ro.
992 2841 1428 2929 Qpropter
1464 2858 1604 2902 non
1640 2834 1894 2909 tantum
1930 2860 2165 2905 omnes
2244 2829 2454 2902 lobuli
2478 2831 2769 2903 coelestes
2796 2833 2833 2903 i
2868 2832 3105 2908 medio

681 2926 863 3001 Coeli
880 2926 1423 3014 versuseexteriora
1446 2930 1749 3001 recedere
1771 2955 2130 3016 conantur3
2191 2930 2277 3001 ed
2302 2926 2644 3002 inferiores
2665 2934 2865 3004 etiam
2882 2937 3107 3008 neces:-

681 3023 842 3097 sario
865 3047 1176 3122 premunt
1195 3020 1590 3124 superiores,
1628 3026 1780 3096 cum
1811 3026 1905 3096 ob
1937 3026 2344 3099 soliditatem
2379 3024 2701 3102 summam
2716 3031 2820 3103 alii
2842 3034 2926 3106 ab
2958 3040 3103 3111 aliis

684 3130 1054 3198 comminui
1081 3126 1183 3198 vel
1221 3123 1258 3197 a
1289 3121 1624 3226 superficie
1657 3119 1962 3222 sphaerica
1978 3125 2321 3200 introrsum
2348 3115 2658 3230 cogendo
2690 3130 2956 3208 deflecti
2981 3164 3103 3210 ne-

685 3248 953 3325 queant.
2912 3294 2916 3304 .

791 3350 871 3420 51
894 3350 952 3397 1.
1001 3327 1205 3424 Igitur
1235 3332 1303 3397 in
1323 3326 1583 3426 punffis
1604 3325 1838 3397 mutuo
1859 3322 1918 3397 se
1950 3347 2225 3426 tangunt
2251 3353 2522 3410 omnes,
2568 3326 2739 3404 adeo
2772 3358 2844 3408 ut
2871 3332 3099 3437 preffis

686 3449 916 3497 centro
924 3429 1243 3525 proximis
1262 3422 1446 3500 simul
1466 3449 1851 3527 premantur
1866 3423 1960 3498 illi
1977 3434 2093 3526 qui
2115 3431 2183 3497 in
2196 3426 2589 3548 peripheria.
2837 3461 2872 3482 ..

783 3551 817 3618 5
833 3553 933 3597 12.
993 3526 1162 3596 Non
1198 3523 1383 3596 aliter
1407 3553 1483 3597 ac
1522 3525 1740 3598 baculi
1761 3579 1782 3611 ,
1826 3535 1963 3626 ejus
1979 3532 2177 3600 etiam
2206 3533 2320 3625 qui
2339 3552 2377 3596 a
2404 3523 2661 3602 summo
2677 3532 2854 3608 coelo
2869 3535 2951 3606 ad
2971 3559 3099 3608 ter.

680 3647 821 3696 ram
836 3622 1029 3721 usque
1049 3630 1524 3724 porrigeretur,
1565 3626 2155 3701 extremitasalteta
2174 3626 2336 3700 dum
2355 3634 2718 3729 premitur,
2740 3634 2934 3734 eopse
2948 3660 3099 3707 mo·
3143 3673 3156 3682 ,

677 3723 910 3794 inento
932 3723 1173 3822 preffio
1195 3727 1286 3796 est
1305 3734 1375 3798 &
1404 3728 1671 3798 sentitur
1693 3733 1760 3798 in
1794 3734 2198 3800 eXtremitate
2219 3730 2438 3802 altera.
2459 3734 2523 3808 §.
2555 3758 2579 3802 1
2595 3759 2635 3821 9
2649 3743 2716 3806 6.

686 3873 697 3884 -
780 3849 814 3917 5
838 3847 939 3914 13.
990 3824 1317 3918 Preffionem
1342 3824 1677 3925 *ejusmodi
1714 3826 1869 3899 dico
1892 3853 2242 3900 momento
2270 3837 2658 3933 propagari,
2696 3852 2930 3927 utpote
2951 3857 3097 3928 quae

676 3943 815 3990 non
832 3945 966 3994 tarn
984 3922 1075 3993 est
1092 3947 1313 4016 motus
1333 3979 1351 4007 ,
1391 3934 1508 4026 qui
1532 3933 1747 4002 omnis
1785 3925 2161 4004 succeffivus
2179 3984 2197 4014 ,
2241 3931 2301 4007 §.
2322 3959 2345 4004 1
2363 3956 2389 4002 1
2407 3943 2477 4004 6.
2522 3930 2723 4030 quam
2771 3933 2986 4027 prima
3010 3931 3096 4005 ad

669 4033 936 4094 motum
953 4030 1364 4126 praeparatio.
2644 4053 2679 4128 ς
2701 4054 2808 4123 14.
2830 4036 3099 4134 Qm-
