3391 4418
997 130 2139 232 communen-10.
2358 190 2361 195 <
2623 162 2795 256 467

365 256 458 327 it'a
496 268 794 325 mentem
832 269 968 318 non
1002 248 1310 329 conneffl
1345 253 1611 345 corpori
1650 253 1968 350 organico
2004 270 2130 344 per
2164 243 2330 345 ipsas
2347 244 2631 326 sensuum
2647 283 2801 357 pet.

331 384 337 388 ·
366 358 706 453 :cptiones
723 377 742 432 3
760 343 868 418 sed
884 400 907 432 ,
934 352 1086 445 quia
1107 368 1390 445 corpote
1406 371 1567 419 nexa
1586 350 1697 429 est,
1719 351 1874 423 ideo
1894 370 2040 421 eam
2058 352 2287 445 quaein
2305 347 2445 450 ipso
2459 353 2626 426 fiunt
2639 384 2798 457 per.

364 459 583 553 cipere
608 448 710 525 vel
734 443 984 519 sentire.
2820 498 2823 505 .

463 578 524 649 3.
577 553 659 622 Et
695 547 998 620 videntur
1034 544 1490 643 objestionem
1528 547 1732 628 hanc,
1773 575 1917 651 quat
1948 552 2017 620 in
2048 544 2174 619 hac
2212 550 2483 623 materia
2504 549 2788 634 fortaffis

360 658 658 727 omnium
731 652 867 719 raeci
918 672 997 717 ua
1026 648 1147 723 est,
1178 646 1485 745 exemplis
1514 656 1845 752 conjugii,
1876 652 2215 734 amicitiae‚
2246 648 2611 742 foederum,
2634 664 2781 756 qui.

359 753 483 825 bus
504 755 662 823 nosi
716 753 845 818 enti
901 773 1006 818 em
1028 742 1116 816 ufi
1137 741 1384 831 sumus,
1423 746 1599 845 poffe
1625 751 1926 822 stabilire.
1978 749 2578 849 Qemadmodum
2599 763 2785 832 enirn*

359 851 576 927 officia
597 871 673 921 ac
691 846 1019 926 ,beneficia
1037 888 1060 925 ‚
1097 869 1244 942 quae
1265 848 1504 937 conjux
1526 856 1797 952 conjugi
1822 904 1844 937 ‚
1869 856 2114 920 amicus
2134 854 2354 923 amieo
2369 897 2391 933 ‚
2414 848 2776 933 foederatus

354 950 679 1045 foedetato
710 947 1000 1047 ptaestan
1038 949 1105 1014 in
1138 942 1260 1015 alia
1280 955 1497 1045 priore
1527 956 2001 1046 conjunctione
2030 945 2423 1023 fundantur:
2453 954 2539 1026 fic
2561 961 2777 1031 aclio-

353 1081 472 1127 nes
503 1044 953 1153 paffionesque
974 1096 996 1129 ,
1026 1041 1261 1141 quibus
1291 1071 1409 1117 cor
1459 1072 1533 1119 us
1569 1058 1641 1122 δε
1676 1059 1935 1122 animus
1970 1048 2142 1121 ultro
2169 1056 2469 1146 citroque
2491 1055 2576 1127 ad
2595 1053 2774 1129 sein-

349 1160 564 1229 vicem
589 1146 922 1223 feruntur,
962 1148 1166 1245 partis
1201 1072 1530 1244 utriusgue
1564 1156 2045 1223 connexionem
2064 1149 2256 1219 aliam
2272 1147 2767 1254 praesupponete

348 1253 714 1329 videantur.

1555 1300 1574 1325 Ο

447 1380 520 1445 4.
569 1356 816 1423 Verum
856 1352 1192 1422 enimvero
1227 1352 1605 1448 quicunque
1624 1376 1741 1436 ea,
1785 1375 1924 1450 qua:
1952 1349 2285 1454 hucusque
2308 1354 2546 1429 tradita
2568 1351 2770 1429 sunta.

350 1455 564 1553 capite
585 1449 669 1522 ad
700 1446 945 1520 calcem
968 1472 1118 1520 cum
1138 1457 1503 1522 attentione
1528 1450 1741 1547 aliqua
1758 1450 2233 1550 perlustraverit
2251 1505 2275 1542 ,
2301 1453 2624 1550 ejusmodi
2644 1453 2773 1527 ob-

343 1555 634 1649 jectione
666 1575 897 1650 patum
920 1548 1297 1620 movebitur
1315 1602 1338 1635 ,
1373 1550 1549 1622 cette
1579 1552 1614 1621 a
1635 1558 1904 1623 veritate
1925 1555 2374 1654 explicationis
2394 1556 2624 1631 nostrae
2647 1554 2769 1631 fibi

348 1680 468 1755 per
498 1656 721 1724 omnia
743 1646 1186 1722 consentiente
1207 1645 1635 1750 semelagnita
1651 1675 1791 1721 non
1810 1648 2279 1727 dimovebitur.

455 1744 521 1847 ς’.
575 1751 910 1823 Novimus
939 1752 1115 1820 enim
1147 1774 1419 1829 eorum,
1451 1754 1567 1850 qui
1592 1749 1852 1825 fincerae
1882 1750 2318 1855 philosophia:
2342 1753 2465 1825 rite
2484 1752 2771 1825 necdum

347 1851 586 1926 initiati
612 1851 791 1929 sunt,
829 1848 1004 1921 hunc
1036 1846 1176 1921 effe‘
1200 1874 1459 1921 morem
1478 1901 1500 1930 ,
1539 1873 1610 1921 ut
1630 1854 1697 1920 in
1728 1850 1868 1923 aliis
1899 1878 2169 1950 quoque
2199 1850 2435 1929 rebus,
2468 1877 2554 1923 eo
2579 1851 2782 1949 quod

346 1955 593 2027 clatum
625 1958 696 2024 δε
725 1948 1063 2023 intellectu
1082 1945 1271 2020 facile
1290 1950 1383 2020 est
1400 2004 1418 2031 ,
1462 1957 1532 2023 &
1554 1973 1631 2020 ex
1655 1975 1794 2046 quo
1814 1950 2022 2024 multa
2042 1953 2163 2023 alia
2187 1951 2479 2051 pendere
2497 1950 2725 2024 vident
2740 1996 2775 2030 2

342 2080 484 2128 non
501 2055 804 2125 contenti·
824 2047 1074 2150 semper
1098 2048 1348 2147 aliquid
1373 2056 1548 2148 prius
1568 2056 1637 2121 δε
1657 2055 1882 2149 potius
1905 2074 2215 2147 quaerant.

441 2165 513 2227 6.
566 2157 664 2228 lta
684 2151 838 2223 cum
857 2155 925 2221 in
945 2146 1314 2221 extensione
1332 2153 1637 2248 corporis·
1651 2147 1984 2221 effentiam
2004 2150 2439 2236 collocamus,
2457 2145 2578 2251 ipfi
2595 2146 2769 2248 lianc

336 2253 462 2328 effi:
486 2249 789 2324 accidens
807 2248 844 2317 ἃ
859 2245 1210 2319 finbstantia
1222 2272 1546 2344 corporea
1565 2245 1950 2318 distinctum
1965 2247 2313 2321 affirmant.
2363 2251 2547 2323 Cum
2562 2255 2630 2322 in
2645 2277 2768 2324 co-

335 2356 656 2456 gitatione
680 2369 978 2418 naturam
1009 2349 1226 2430 animi,
1243 2343 1520 2444 politam
1543 2343 1666 2416 effe
1686 2344 2041 2434 docemus,
2079 2347 2196 2448 ipfi
2213 2347 2300 2420 ad
2319 2353 2628 2421 Actionis
2648 2375 2763 2422 ca·-

336 2455 658 2553 tegoriam
708 2444 882 2516 hanc
931 2439 1282 2518 referentes
1302 2495 1324 2528 ‚
1361 2467 1433 2515 ut
1461 2468 1718 2515 metum
1760 2445 2103 2534 accidens,
2142 2446 2321 2521 aliud
2347 2446 2755 2523 substantiale

328 2550 495 2653 quid
511 2555 580 2620 in
601 2551 828 2616 animo
846 2548 1113 2646 reperiri
1133 2541 1567 2617 contendunt.

421 2675 493 2747 7.
545 2642 989 2721 Confiderent
1018 2666 1236 2716 autem
1269 2669 1345 2714 ea
1363 2696 1385 2729 ,
1415 2669 1562 2741 quae
1582 2642 1665 2717 de
1687 2648 2093 2721 mentiscum
2115 2673 2396 2749 corpore
2416 2673 2582 2720 nexu
2603 2643 2753 2721 scri-

375 2748 565 2823 fimus
583 2798 604 2826 ‚
640 2770 782 2817 non
817 2742 1031 2818 modo
1055 2739 1225 2913 gers
1254 2743 1398 2815 icua
1416 2741 1565 2844 ipfis
1586 2744 1710 2819 effi:
1735 2800 1760 2833 ,
1787 2744 1897 2820 sed
1920 2748 2344 2822 etiam-multa
2363 2752 2749 2847 atqueinter

321 2778 385 2926 ξι
420 2847 822 2923 coherentia
851 2843 1051 2946 depre
1104 2868 1184 2915 en
1235 2849 1279 2915 i.
1344 2842 1561 2944 Qod
1594 2842 1639 2916 fi
1676 2872 1842 2947 ergo
1876 2845 2453 2962 praesupponerent
2489 2847 2741 2948 aliquid

317 2955 609 3052 corporis
637 2949 971 3043 animique
997 2938 1636 3116 sunstionibuzprius
1657 2954 1729 3019 &
1747 2970 1969 3046 potius
1986 3000 2008 3032 ,
2045 2975 2187 3047 quo
2211 2969 2435 3050 partes
2459 2947 2581 3020 illae
2597 2947 2743 3022 col·

312 3053 699 3151 ligarentur,
736 3071 875 3143 quo
905 3047 1107 3145 paeto
1145 3044 1287 3115 fieri
1321 3069 1412 3145 po
1464 3067 1531 3116 et
1570 3068 1641 3116 ut
1671 3043 1835 3117 illud
1882 3073 2018 3119 non
2055 3049 2496 3151 detegerent?
2530 3053 2737 3147 Qo-

314 3150 534 3224 modo
556 3169 661 3220 tot
690 3150 845 3229 titul,
891 3169 1064 3316 3⁰⁰8
1078 3149 1444 3228 intuemur,
1478 3141 1563 3216 ad
1582 3168 2009 3219 communem
2028 3145 2288 3221 fontem
2306 3156 2377 3222 &
2396 3144 2733 3248 scaturigi-

310 3276 465 3325 nem
493 3274 617 3321 nos
645 3271 786 3318 non
803 3243 888 3318 de
943 3265 1207 3318 ucerent
1223 3251 1260 3316 ἓ
1292 3245 1443 3318 Tot
1457 3249 1922 3320 ravairentes
1940 3254 2005 3320 δε
2025 3245 2254 3322 surculi
2271 3245 2566 3321 radicem
2590 3246 2749 3320 non⁴

313 3348 774 3425 ostenderent?

283 3531 288 3536 ,
407 3456 469 3522 8.
529 3452 597 3521 Si
628 3444 792 3544 quid
823 3442 1076 3517 actibus
1108 3440 1574 3519 transeuntibus
1605 3450 1782 3549 ptius
1811 3444 1963 3518 esstt
1994 3449 2063 3519 in
2089 3444 2215 3522 hac
2238 3451 2482 3520 unione
2508 3489 2534 3523 2
2575 3468 2742 3521 eam,

302 3549 735 3624 constituens,
762 3542 925 3618 illud
945 3568 1057 3616 aut
1076 3541 1335 3616 aliunde
1355 3543 1692 3619 adveniret
1709 3599 1731 3630 ,
1763 3569 1873 3618 aut
1895 3545 1932 3618 a
1954 3554 2248 3647 corporis
2268 3545 2370 3618 vel
2391 3549 2593 3617 animi
2610 3572 2729 3620 na:-

305 3674 451 3723 tura
475 3644 816 3748 penderet.
879 3646 1066 3715 Prius
1106 3641 1237 3715 dici
1274 3650 1522 3743 nequit.
1590 3652 1993 3748 Repugnant
2008 3650 2189 3716 enim
2209 3670 2354 3743 quae
2375 3643 2460 3717 de
2483 3649 2729 3719 imme·

304 3750 488 3828 diata
521 3747 990 3839 conjunctione
1024 3739 1368 3816 docuimus
1404 3770 1545 3846 cap.
1572 3750 1792 3819 XXV.
1865 3745 2106 3843 Neque
2140 3744 2456 3845 posterius
2493 3771 2737 3822 verum.

304 3850 437 3923 est:
471 3850 788 3946 quoniam
815 3841 969 3918 cum
993 3838 1277 3915 extenfio
1300 3895 1320 3925 ,
1352 3843 1592 3944 figura,
1630 3841 1780 3916 fitus
1804 3847 2084 3942 partium
2129 3853 2199 3917 δι
2222 3869 2362 3944 quae
2392 3841 2533 3918 sunt
2556 3846 2721 3948 ejusl-

301 3944 539 4043 modi,
557 3943 802 4029 nullam
815 3941 1203 4024 relationem
1217 3938 1506 4021 habeant
1521 3941 1605 4018 ad
1624 3965 1918 4017 mentem
1941 3986 1965 4018 ‚
1998 3939 2167 4019 nihil
2177 3968 2473 4020 remanet
2486 3951 2555 4017 in
2572 3971 2725 4017 cor-

1573 4076 1584 4086 ·
1722 4044 1799 4118 N
1818 4065 1865 4116 n
1882 4067 1927 4119 n
1976 4068 2020 4149 ᾗ
2515 4066 2681 4143 pore
2703 4093 2747 4128 ,‚
