3391 4418
1021 165 2161 274 Consssvucrross
2650 210 2816 303 397

471 289 553 368 ’6.
602 284 735 366 Cui
754 303 894 365 non
915 283 1258 356 molestum
1281 282 1406 368 est,
1440 279 1560 354 ubi
1578 306 1769 385 rogat
1789 288 2131 387 quippiam
2153 286 2428 365 alterum
2450 344 2471 380 ,
2505 292 2554 367 fi
2570 295 2683 373 hio
2703 329 2812 377 re.

375 390 700 499 spondere
724 386 830 462 vel
867 381 1160 477 officium
1191 383 1489 485 praestare
1531 382 1615 455 de
1649 388 1759 456 die
1789 393 1859 458 in
1892 387 2069 461 diem
2094 389 2354 466 differat
2375 394 2447 467 δε
2463 406 2810 495 procrasti-

373 513 527 572 net2
560 492 872 586 Celeritas
890 484 1189 560 beneficii
1215 482 1734 587 magnitudinem
1757 512 1950 589 auget
1965 532 1987 572 ,
2010 497 2347 568 cundtatio
2369 501 2628 574 minuit.
2682 508 2809 579 Di.

378 600 581 671 «stanti
601 590 925 665 scribentis
945 642 966 677 ,
998 586 1269 661 docenti
1291 585 1594 661 distentis
1615 587 1883 662 tarditas
1902 593 2296 691 permolesta
2322 598 2440 669 est.

474 722 545 794 7.
591 691 919 766 Laudatur
959 686 1167 763 servus
1196 695 1307 788 qui
1343 691 1383 765 ὲ
1417 688 1692 791 vestigio
1725 687 1787 762 se
1823 689 2105 766 domino
2132 704 2399 772 vocanti
2435 696 2626 785 fistit,
2660 728 2803 780 non

371 798 481 870 ille
501 794 609 895 qui
626 819 843 865 moras
861 795 1089 862 nectit.
1146 795 1344 863 Primi
1369 795 1841 865 Romanorum
1862 812 2045 895 reges
2072 802 2298 872 Celeres
2317 805 2489 873 circa
2509 801 2571 875 se
2594 802 2811 879 habe-

368 896 530 969 bant
547 949 570 981 ,
613 889 678 967 δι’
703 893 811 963 alii
833 888 1171 987 hodieque
1194 888 1420 962 famuli
1439 894 1475 963 a
1494 891 1823 967 celeritate
1846 893 2059 968 cursus
2077 904 2351 973 nomina
2370 899 2512 976 sunt
2533 903 2795 1008 adepti:

363 997 449 1071 de
465 991 706 1094 quibus
725 998 794 1063 in
816 986 1036 1063 Libris
1057 990 1139 1059 de
1157 990 1393 1063 Cauiis
1410 996 1530 1063 Lin
1579 1017 1677 1066 uae
1703 1001 2112 1071 Germanica:
2129 997 2326 1073 fufius
2350 1010 2477 1103 egi.

461 1105 527 1170 8.
582 1093 834 1166 Nuncii
873 1089 1028 1160 baut
1068 1085 1243 1163 secus
1275 1117 1351 1161 ac
1383 1090 1491 1161 alii
1513 1020 1670 1166 {rvi
1698 1095 1802 1166 vel
1825 1101 2030 1197 magis
2052 1103 2253 1170 etiam
2292 1098 2376 1169 ab
2416 1104 2695 1200 agilitate
2723 1115 2800 1181 δε

357 1196 709 1271 velocitate
750 1188 1334 1262 commendantur.
1384 1188 1557 1264 Vide
1575 1217 1722 1288 qua:
1755 1203 2031 1267 nomina
2061 1201 2408 1272 Mercurio
2430 1253 2451 1288 ,
2485 1205 2790 1280 Deorum

354 1303 472 1396 qui
491 1297 759 1393 fingitur
776 1294 1050 1361 nuncius
1068 1343 1090 1375 ,
1129 1286 1393 1389 aliisque
1416 1287 1676 1362 dentur.
2288 1328 2299 1337 ι

457 1420 527 1482 9.
581 1394 793 1486 Atqui
816 1414 1054 1489 corpus
1075 1389 1158 1461 ad
1177 1397 1466 1462 animam
1484 1385 1761 1460 refertur
1772 1394 1995 1489 primo
2021 1396 2293 1491 quidem
2313 1402 2672 1500 generatim
2692 1406 2797 1473 ως

355 1498 540 1566 tione
582 1515 888 1563 motuum
934 1488 1285 1565 voluntatis
1313 1491 1601 1588 imperio
1637 1497 2009 1588 parentium
2041 1545 2065 1579 ‚
2116 1500 2417 1593 utiservue
2439 1498 2524 1571 ad
2565 1498 2792 1573 domi-

350 1610 510 1664 num
527 1623 546 1679 3
569 1589 836 1664 Deinde
854 1594 1108 1664 ratione
1125 1596 1624 1692 perceptionum
1641 1638 1664 1676 ,
1685 1596 1932 1687 quasin
1949 1598 2160 1666 anima
2174 1598 2433 1687 excitat,
2452 1597 2786 1698 speciatim

347 1719 424 1767 ut
464 1695 694 1765 nuncius
729 1689 816 1763 ad
851 1696 1226 1764 mittentem
1258 1692 1360 1766 vel
1393 1715 1585 1773 eum,
1623 1693 1728 1761 cui
1758 1714 1899 1763 non
1918 1688 2309 1793 exspectanti
2331 1700 2433 1773 vel
2453 1705 2651 1772 etiam
2678 1706 2788 1772 in-

344 1800 489 1881 vito
523 1795 798 1865 nuncius
827 1789 1110 1865 advolat.
1170 1800 1325 1894 Q
1361 1788 1497 1862 fere
1521 1812 1741 1862 mente
1765 1793 2161 1895 Augustinus
2191 1798 2435 1901 aliique
2460 1798 2647 1873 docti
2671 1805 2799 1875 viri

343 1890 551 1969 sensus
571 1899 803 1966 animae
830 1898 1281 1966 internuncios
1300 1886 1657 1994 appellant.

451 2024 562 2070 10.
616 1991 994 2093 Utrobique
1024 2019 1249 2069 autem
1283 1990 1552 2097 agendo
1585 1990 1772 2069 fimul
1811 2002 1886 2069 &
1921 1998 2243 2100 patiendo
2263 2050 2288 2085 ,
2320 1995 2664 2073 serviendo
2706 2008 2781 2075 δε

338 2097 721 2171 nunciando
762 2149 787 2183 ‚
836 2092 1060 2171 officia
1081 2122 1158 2197 ac
1184 2095 1505 2181 beneficia
1524 2120 1671 2194 pars
1705 2100 2026 2175 Hominis
2057 2100 2257 2181 altera
2289 2100 2549 2204 praestat
2586 2104 2779 2175 alteri

332 2195 774 2311 promtiffime
802 2223 879 2267 ac
897 2198 1257 2269 celerrime.
1310 2193 1548 2294 Qidz
1578 2195 1767 2294 quod
1788 2202 1879 2271 ita
1894 2201 2167 2276 affuetus
2195 2208 2449 2278 animus
2465 2229 2585 2304 per
2604 2230 2777 2278 con.

332 2298 746 2373 suetudinem
768 2292 960 2392 hujus
982 2319 1135 2366 cum
1157 2319 1439 2392 corpore
1473 2300 1860 2365 commercii
1889 2296 2163 2373 similem
2185 2309 2253 2375 in
2272 2305 2414 2377 aliis
2435 2357 2460 2392 ,
2485 2331 2628 2402 quae
2650 2332 2778 2380 no-

331 2395 534 2466 bisin
570 2393 859 2464 humana
895 2391 1207 2465 societate
1240 2399 1770 2490 conjunguntur,
1810 2417 1883 2465 ut
1899 2399 2113 2471 modo
2137 2401 2457 2490 diximus,
2475 2401 2789 2502 personis.

331 2490 886 2594 promtitudinem
904 2497 1123 2593 exigit.

442 2617 470 2662 1
487 2615 544 2662 ι.
593 2587 688 2662 I'ta
705 2613 778 2661 ut
797 2593 1190 2683 conjunctio
1209 2589 1348 2686 baec
1366 2591 1568 2660 animi
1587 2615 1741 2659 eum
1762 2617 2044 2689 corpore
2061 2595 2344 2692 primam
2363 2597 2620 2669 dederit
2645 2626 2767 2672 oc-

330 2688 657 2764 cafionem
670 2688 966 2790 pluribus
988 2715 1254 2762 morum
1270 2712 1467 2786 atque
1491 2693 1727 2758 artium
1745 2695 2106 2789 praeceptis,
2123 2687 2358 2785 quibus
2378 2691 2766 2769 officiorum

329 2817 526 2893 atque
551 2815 829 2891 operum
855 2791 1360 2891 praestandorum
1379 2787 1802 2889 promritudo
1821 2814 1897 2860 ac
1918 2788 2215 2861 celeritas
2230 2789 2682 2890 praescribitur.
2758 2790 2765 2797 ⁸

435 2919 542 2968 12.
580 2893 851 2993 Corpus
881 2892 1059 2966 certe
1088 2891 1383 2964 nostrum
1412 2893 1649 2989 accipit
1665 2887 1973 2963 mandata
1993 2887 2079 2961 ab
2092 2896 2343 2971 animo,
2374 2894 2647 2968 viciffim
2685 2923 2761 2971 a-

325 2997 511 3067 nimo
550 2991 795 3066 indicat
863 3017 1219 3091 uaecunque
1242 2990 1506 3093 agendo
1528 2988 1630 3063 vel
1648 2989 1971 3089 patiendo
2003 2988 2400 3092 exsequitur,
2434 2999 2754 3092 ‘quinimo

324 3118 680 3194 antequam
692 3120 812 3195 per
843 3101 1116 3167 unctum
1138 3090 1214 3165 fit
1231 3091 1492 3176 officio,
1513 3088 1707 3190 copie
1728 3117 1866 3191 quo
1883 3089 2173 3193 fungitur
2189 3119 2569 3183 momento,
2587 3094 2755 3195 quid

320 3194 435 3266 fiat
466 3201 693 3268 animo
726 3200 998 3269 nunciat
1017 3247 1039 3280 ,
1081 3220 1156 3265 ac
1194 3193 1280 3266 de
1316 3192 1605 3293 praestnti
1628 3217 1900 3292 quoque
1928 3218 2146 3266 rerum
2166 3201 2562 3275 exteriorum
2580 3199 2754 3271 statu

316 3296 628 3392 ocyffimc
652 3318 807 3366 eum
832 3294 1179 3368 admonet.
2776 3301 2786 3303 *

427 3422 527 3494 ¹3·
575 3401 646 3468 Si
684 3401 829 3493 quis
863 3394 1233 3484 cavilletur,
1274 3399 1543 3469 nuncium
1571 3393 1931 3495 intelligere
1953 3393 2229 3495 &loqui
2253 3449 2275 3482 ,
2312 3424 2450 3472 non
2468 3424 2750 3499 corpus,

312 3493 657 3570 absurdam
678 3499 874 3595 igitur
893 3502 1458 3599 comparationem
1481 3495 1640 3585 ess'e3
1663 3493 2160 3596 respondemus,
2181 3504 2750 3599 comparationem
2770 3551 2777 3564 ,

307 3622 451 3670 non
491 3604 560 3670 in
582 3596 922 3674 intellectu
943 3651 966 3688 ,
1000 3595 1191 3673 sedin
1214 3597 1540 3673 celeritate
1559 3595 1739 3673 fuiss'e
1756 3597 2135 3671 institutam.
2182 3601 2360 3669 Index
2377 3604 2446 3669 in
2462 3596 2748 3674 horolo-

305 3703 421 3799 gio
441 3696 645 3772 horas
665 3695 938 3783 indicat,
974 3725 1134 3799 quas
1153 3724 1292 3771 non
1311 3699 1638 3800 intelligit.
1687 3703 1780 3771 At
1799 3695 2159 3795 quomodo
2183 3722 2421 3797 corpus
2444 3722 2741 3775 mentem

302 3798 576 3875 erudiat·
590 3796 694 3875 vel
727 3824 1001 3874 moneat
1026 3855 1049 3880 ,
1098 3796 1364 3871 abunde
1403 3797 1469 3872 su
1521 3803 1587 3872 ra
1630 3797 2022 3899 explicatum
2052 3796 2167 3868 est.
2242 3799 2510 3899 Nempe
2553 3800 2745 3901 quod

301 3899 721 3976 occasionem
746 3898 1088 4006 cogitandi
1103 3898 1429 4008 praebeat,
1461 3827 1570 3978 feu
1598 3895 2007 3978 mentemfflad
2026 3896 2459 4003 cogitandum
2479 3898 2617 3977 hoe
2641 3896 2774 3975 vel.

291 3993 460 4097 illud
479 4003 856 4096 exsuscitet„

2370 4171 2373 4176 .
2454 4173 2463 4183 .
2484 4120 2614 4198 2¹:4⁹
2634 4090 2775 4162 Li*
