3391 4418
1004 133 1830 222 PH.Y·81CA
1944 110 2117 226 111'.
2656 175 2760 253 95

336 262 644 338 tudinem
666 262 738 327 &
763 247 1176 324 latitudinem
1188 249 1574 323 dimetimur
1590 295 1612 330 ‚
1647 247 1733 320 de
1749 246 2204 350 profunditate
2220 278 2404 332 terrae
2419 280 2560 329 non
2584 265 2774 360 cogi-

337 386 573 437 tantes.
1231 408 1236 411 -
1409 432 1428 439 ,

405 496 414 501 ·
446 475 513 533 6.
565 465 788 555 Itaque
809 451 1201 554 magnitudo
1221 477 1400 553 ,quae
1412 456 1479 524 in
1501 476 1782 552 corpore
1803 479 2021 528 revera
2036 459 2407 546 invenitur,
2429 457 2766 560 completa

340 574 413 638 &
433 557 722 663 perfecta
743 556 834 627 est
863 609 885 642 ,
917 579 1114 652 quam
1133 560 1199 625 in
1223 554 1413 627 rebus
1434 556 1609 627 certa
1628 550 1920 627 mensura
1934 555 2217 631 definitis
2248 565 2463 633 trinam
2478 559 2768 655 dimensio-

337 688 467 737 nem
488 682 804 733 vocamus
824 707 846 742 ,
878 652 1284 756 philosophis
1307 661 1504 729 etiam
1524 665 1735 748 Corpus
1751 654 2014 741 dicitur,
2045 657 2320 732 barbare
2337 666 2779 761 corporeitas.

335 758 747 858 Incompleta
783 758 942 827 vero
966 753 1355 857 magnitudo
1373 800 1395 834 ,
1431 756 1583 826 cum
1602 751 2509 859 solalongitudoattenditun
2538 767 2765 848 Linea3

336 867 493 938 etim
526 854 879 959 longitudo
919 863 990 927 &
1028 855 1316 929 latitudo
1349 852 1477 926 fine
1519 852 1972 953 profunditate
2016 857 2331 962 spectatur
2365 913 2388 947 ‚
2444 862 2770 960 superficies

333 984 772 1062 nuncupatur.
820 960 983 1028 Haec
1004 962 1240 1029 mentis
1260 955 1612 1027 abstractio
1629 980 1756 1030 tres
1776 964 1843 1030 in
1863 985 2144 1060 corpore
2167 959 2606 1034 dimenfiones
2625 984 2767 1031 non

331 1065 581 1168 separat
601 1107 623 1141 ,
664 1083 788 1130 nec
816 1054 930 1126 ulli
944 1072 1169 1129 earum
1190 1057 1554 1126 realitatem·
1568 1052 1740 1127 suam
1769 1058 2021 1132 adimit.

350 1178 358 1187 ·
435 1193 510 1254 7.
568 1152 874 1232 Extensio
907 1152 1048 1226 talis
1080 1184 1151 1244 4.
1170 1155 1392 1249 semper
1415 1162 1729 1227 convenit
1767 1165 2035 1257 corpori
2059 1211 2079 1245 ,
2119 1154 2533 1257 quascunque
2569 1159 2774 1228 etiam

339 1261 592 1338 formas
617 1260 889 1352 recipiat
916 1276 1024 1322 aut
1061 1258 1401 1323 varietates
1437 1251 1765 1325 admittat.
1836 1260 2047 1352 Qod
2081 1256 2381 1355 exemplo
2407 1275 2606 1354 guttae
2640 1262 2777 1356 pti-

338 1389 462 1434 mo
503 1354 915 1443 destillantis,
950 1349 1192 1420 deinde
1224 1348 1377 1450 gelu
1402 1373 1766 1427 concretae,
1795 1356 2024 1449 postea
2054 1363 2119 1425 in
2157 1380 2400 1451 aquam
2419 1402 2453 1438 ‚‚
2477 1351 2777 1426 tandem„

345 1484 478 1557 que
501 1463 568 1525 in
590 1472 909 1551 vaporem
933 1443 1227 1518 resoluta:
1241 1444 1433 1519 facile
1448 1446 1833 1520 declaratur.

451 1564 516 1624 8.
577 1556 880 1647 Denique
914 1572 975 1638 ς.
996 1547 1306 1642 extensione
1321 1550 1465 1617 nibil
1479 1549 1619 1616 inre
1630 1568 1886 1639 corporea
1900 1551 2053 1643 priua
2068 1603 2088 1636 ,
2127 1549 2308 1648 quod
2329 1548 2603 1651 quidem
2618 1576 2782 1653 pro·-

346 1658 569 1759 prium
604 1654 667 1720 ei
686 1675 761 1721 ac
777 1644 1130 1750 pofitivum
1155 1642 1230 1717 fit
1250 1691 1280 1722 2
1312 1645 1756 1745 intelligimus.
1819 1653 2231 1722 Communia
2251 1660 2425 1725 enim
2442 1651 2552 1724 illa
2569 1707 2591 1740 ,
2621 1652 2785 1726 sub·

347 1758 650 1827 stantiam
684 1804 708 1837 ,
758 1770 964 1822 unum
995 1790 1028 1824 ,
1063 1771 1283 1819 verum
1328 1743 1449 1818 else
1478 1775 1504 1831 ·,
1534 1768 1644 1817 aut
1684 1754 1982 1847 negativa
2005 1794 2028 1825 2
2070 1748 2211 1823 non
2245 1750 2366 1826 effe
2396 1777 2637 1851 aquam
2670 1753 2785 1829 veh.

342 1863 572 1958 ignem
591 1859 716 1923 διε.
763 1848 870 1919 hic
890 1853 956 1918 in
977 1843 1558 1917 considerationem
1583 1870 1719 1915 non
1743 1854 2034 1921 veniunt.

447 1981 518 2045 9.
567 1957 662 2024 Ita
677 2001 698 2035 ,
726 1949 881 2021 licet
898 1971 1097 2018 omne
1118 1971 1355 2044 corpus
1376 1949 1783 2044 concipiatur
1794 1950 2090 2031 dividuum
2106 1946 2226 2021 effe
2245 1955 2314 2021 in
2328 1972 2547 2052 partes
2560 2004 2584 2039 ,
2597 1957 2779 2052 prius

228 2130 232 2134 ,
344 2078 568 2128 tamen
585 2055 912 2148 cogitatur
927 2043 1172 2116 habere
1190 2069 1441 2145 partem
1465 2069 1636 2116 extra
1658 2068 1941 2144 partem.
1990 2052 2152 2120 Hoc
2172 2074 2394 2122 autem
2408 2051 2776 2129 est5exten-

341 2151 480 2227 sum
497 2147 640 2225 effe.
658 2150 807 2223 Imo
823 2146 957 2222 hoc
973 2142 1349 2220 absolutum
1372 2199 1395 2233 ,
1409 2141 1737 2218 extensum
1755 2144 1880 2220 effi:
1900 2200 1921 2234 ‚
1940 2152 2117 2248 prius
2132 2149 2354 2224 estillo
2370 2147 2729 2252 respestivo
2749 2202 2783 2240 ,

343 2251 532 2354 quod
547 2258 613 2322 in
630 2249 944 2322 relatione
958 2252 1157 2348 partis
1181 2245 1263 2318 ad
1262 2272 1535 2418 1partem
1554 2243 1862 2319 confistit.
1913 2246 2212 2321 Extenfio
2229 2248 2468 2323 fundat
2486 2249 2606 2324 else
2625 2277 2778 2325 cor-

346 2346 529 2457 poris
551 2404 572 2436 ,
592 2348 799 2422 Zach.
829 2375 851 2420 1
872 2376 928 2420 2.
984 2349 1041 2420 ι’.
1102 2352 1258 2420 Divi
1313 2375 1357 2418 o
1375 2347 1581 2418 tendit
1596 2346 1682 2416 ad
1702 2371 1843 2416 non
1865 2345 1986 2419 effe
2002 2392 2026 2424 2
2060 2354 2213 2421 Luc.
2241 2377 2269 2424 1
2292 2377 2317 2421 1
2334 2376 2394 2424 .1
2410 2377 2478 2438 7.

463 2478 574 2521 10.
623 2449 808 2520 Idem
839 2444 1262 2542 judicandum
1296 2447 1388 2516 est
1419 2447 1501 2516 de
1530 2447 2068 2538 impenetrabilium
2088 2500 2110 2533 ‚
2146 2474 2287 2546 quae
2309 2454 2611 2549 corporis
2628 2452 2782 2547 qui-

353 2548 512 2622 dem
533 2552 797 2648 propria
815 2546 906 2614 est
923 2594 946 2629 ‚
988 2542 1094 2616 sed
1116 2551 1411 2642 negativa
1430 2539 1651 2643 potius
1668 2543 1868 2639 quim
1891 2543 2168 2642 politiva
2189 2543 2454 2619 affectio
2469 2600 2491 2630 ‚
2531 2547 2782 2647 depen-

351 2652 515 2722 dens
534 2649 619 2719 ab
642 2641 1036 2718 extenfione.
1086 2649 1267 2740 Qa
1287 2649 1462 2711 enim
1486 2647 1752 2739 corpori
1776 2641 2097 2712 effentiale
2120 2645 2209 2713 est
2225 2694 2249 2725 ,
2280 2643 2607 2715 extensum
2630 2643 2780 2730 effe,

353 2750 489 2822 hoc
507 2749 620 2830 est,
648 2766 905 2847 partem
923 2739 1165 2812 habere
1185 2737 1464 2841 politam
1484 2765 1656 2811 extra
1675 2762 1960 2836 partem,
1984 2740 2120 2811 fieri
2145 2747 2375 2839 nequit
2393 2766 2465 2814 ut
2484 2769 2631 2843 pars
2654 2769 2791 2815 una

354 2849 429 2923 fit
449 2850 565 2923 ubi
588 2848 706 2918 alia
731 2890 752 2925 ‚
791 2841 894 2916 vel
918 2867 988 2916 ut
1008 2840 1147 2913 haec
1168 2842 1329 2913 sitin
1349 2839 1454 2910 illa
1471 2894 1492 2926 ,
1522 2838 1619 2912 vel
1638 2837 1854 2936 (quod
1877 2840 2117 2911 eodem
2133 2840 2388 2925 recidit)
2403 2841 2540 2915 haec
2558 2842 2633 2916 fit
2647 2841 2787 2919 illa.

361 2951 562 3023 Certe
575 2974 714 3021 non
735 2944 952 3045 potest
979 2943 1247 3043 intelligi
1269 2992 1287 3023 ,
1312 2943 1492 3038 quod
1514 2940 1713 3011 altera
1728 2966 1876 3038 pars
1890 2947 1979 3012 rei
1997 2940 2259 3014 extenfie
2275 2946 2541 3016 alteram
2564 2942 2679 3017 fibi
2695 2974 2777 3019 ae-

361 3053 620 3148 qualem
658 3067 997 3148 penetret,
1027 3049 1179 3140 quin
1219 3040 1351 3112 hoc
1392 3038 1531 3140 ipso
1560 3041 1987 3140 intelligatur,
2019 3041 2311 3114 mediam
2333 3070 2588 3142 partem
2608 3043 2779 3116 illius

354 3146 746 3222 extensionis
778 3137 923 3216 tolli
944 3143 1046 3215 vel
1066 3147 1133 3213 in
1158 3141 1430 3216 nihilum
1452 3141 1673 3241 redigi.
1743 3140 1957 3238 Qod
1978 3165 2200 3213 autem
2221 3149 2287 3214 in
2309 3143 2579 3216 nihilum
2601 3143 2739 3217 abit
2754 3197 2792 3231 ,.

357 3275 494 3323 non
518 3268 814 3349 penetrat
828 3240 1029 3314 aliud.
1579 3254 1592 3260 “

464 3377 491 3422 1
517 3375 575 3421 ι.
626 3344 834 3419 Facile
871 3341 1181 3441 equidem
1217 3346 1282 3411 in
1317 3337 1683 3411 extensione
1726 3332 2179 3410 habitudinem
2209 3346 2487 3440 partium
2511 3343 2595 3416 ad
2617 3346 2782 3412 invi-

357 3477 504 3525 cem
530 3452 917 3549 percipimus
934 3500 950 3526 ,
986 3439 1208 3539 easque
1235 3440 1446 3510 modo
1472 3445 1768 3538 negativa
1789 3434 2235 3512 divisibilitatis
2254 3445 2780 3542 autimpenetra-

358 3551 663 3633 bilitatis‚
697 3541 909 3615 modo
953 3541 1336 3612 affirmativa
1375 3542 1819 3609 continuitatis
1854 3561 1965 3609 aut
2002 3545 2436 3639 contiguitatis
2471 3540 2784 3612 relatione

360 3637 708 3724 afficimus
758 3641 1096 3714 Pofl'umus
1139 3664 1357 3711 tamen
1373 3643 1567 3710 etiam
1590 3635 2028 3708 extenfionem
2050 3643 2114 3707 in
2137 3638 2411 3739 longum
2433 3694 2453 3725 ,
2489 3640 2692 3710 latu-m
2714 3647 2792 3712 &.

356 3746 765 3855 profundum
788 3739 988 3813 solam
1013 3748 1082 3812 &
1098 3739 1461 3810 absolutam
1489 3737 1742 3835 optime
1765 3743 2115 3834 concipere
2142 3780 2167 3812 ‚
2204 3739 2283 3808 de
2301 3745 2580 3838 partium
2596 3737 2817 3809 habi...

362 3850 586 3927 tudine
608 3855 678 3921 δε
697 3843 1013 3914 relatione
1036 3866 1171 3913 non
1195 3837 1574 3939 cogitando.
2036 3869 2039 3872 ’
2591 3858 2594 3860 ’

464 3977 495 4025 1
513 3978 579 4024 ι..
625 3947 974 4050 Qniam
991 3945 1184 4042 igitur
1198 3933 1486 4013 extenfio
1500 3941 1569 4007 in
1583 3933 1854 4036 longum
1871 3990 1892 4024 ‚
1919 3934 2125 4011 latum
2148 3945 2219 4011 δε
2237 3932 2652 4040 profundum
2674 3935 2791 4006 ali·
2830 3984 2850 3996 ¹-
2944 3989 2957 3994 -

2624 4029 2787 4124 quid
