3391 4418
870 142 2199 247 2Coustrucrrm
2642 166 2814 257 465

477 266 628 338 XV
650 262 701 333 1.
754 259 850 329 Fit
883 277 1103 328 autem
1143 252 1467 355 utriusque
1501 260 1756 356 generis
1791 257 2058 329 aebuum
2089 252 2481 355 conjuuffio
2494 266 2820 358 partimin

376 367 744 467 principio,
779 360 1018 458 partim
1041 361 1110 429 in
1136 354 1473 457 progr-effu
1497 361 1644 432 vitae
1670 355 1939 428 nostrae:

399 506 406 513 -
473 470 540 539 X
559 466 737 537 vn.
786 464 884 531 Ita
917 456 1189 557 quidem
1231 476 1306 530 ut
1342 457 1673 559 posterior
1699 461 1903 558 priori
1926 454 2144 559 saepius
2162 456 2409 557 aliquid
2430 457 2676 552 addat,
2704 466 2811 538 in.

379 563 642 638 terdum
663 583 930 659 quoque
962 556 1262 645 detrahat
1281 609 1306 642 ,
1338 558 1444 629 vel
1462 581 1609 630 eam
1631 580 1842 631 vertat
1858 562 1928 630 in
1949 566 2369 634 contrariam.
2758 598 2765 607 ·

474 665 774 736 xv111.
816 660 1056 757 Neque
1079 661 1148 728 in
1168 660 1418 730 cunetis
1435 655 1825 731 hominibus
1838 660 2082 732 cae'dem
2100 658 2240 734 sunt
2256 666 2559 763 corporis
2572 668 2805 739 animi.

376 788 507 864 que
540 758 914 836 functiones
944 785 1093 860 quae
1126 758 1318 831 initio
1350 762 1530 840 vitae,
1561 757 1779 832 multo
1800 762 2017 834 minus
2038 788 2180 861 quae
2199 768 2265 834 in
2286 762 2621 865 progtessii
2639 790 2810 853 con-
2958 834 2967 839 ,

377 868 743 937 nectuntur.

468 970 584 1039 XI
674 1014 693 1036 .
743 957 1159 1051 Conjunffio
1182 955 1318 1030 hzec
1337 982 1614 1066 propter
1629 964 1897 1036 actuum
1919 986 2266 1036 numerum
2294 1017 2312 1046 .
2338 981 2600 1067 tempus
2620 965 2803 1040 alias?-

373 1088 507 1161 quc
542 1063 627 1135 ad
676 1082 939 1133 aerentes
972 1061 1316 1156 qualitates
1344 1060 1721 1135 intenlionis
1738 1088 1814 1136 ac
1833 1059 2222 1134 remissionis
2242 1088 2441 1161 capax
2461 1068 2587 1153 est,
2622 1068 2797 1142 adeo
2839 1124 2855 1156 ,

370 1188 446 1238 ut
467 1188 605 1236 non
623 1186 858 1234 omnes
876 1157 1061 1256 aeque
1082 1157 1204 1231 fint
1221 1157 1527 1233 homines
1545 1161 1976 1247 existimandi,
2006 1168 2076 1233 δε
2098 1186 2264 1233 unus
2289 1161 2599 1263 idemque
2619 1191 2798 1242 nunc

375 1268 582 1363 magis
620 1285 794 1349 nunc
815 1265 1031 1331 minus
1050 1265 1264 1332 vivere
1282 1257 1625 1335 dicendus.
2574 1304 2577 1307 -

470 1370 535 1438 X
553 1369 640 1437 X.
685 1362 864 1435 ‘Non
909 1356 1049 1433 sunt
1092 1363 1276 1431 aelus
1312 1367 1551 1433 mentis
1587 1361 2003 1461 intelligentis
2040 1358 2324 1434 distincti
2340 1413 2362 1450 ,
2399 1386 2467 1437 at
2508 1361 2797 1441 sensuum

327 1526 332 1535 .
371 1471 790 1564 operationes
811 1455 1091 1533 confusae
1115 1485 1259 1560 quae
1278 1482 1570 1532 mentem
1588 1462 1855 1560 corpori
1886 1459 2174 1561 alligant.
2708 1530 2715 1539 ,

468 1571 536 1638 Χ
550 1568 680 1661 XI.
733 1566 966 1660 quue
998 1566 1203 1662 magis
1234 1566 1521 1641 amicum
1561 1586 1639 1633 ac
1661 1559 2049 1634 dele-&abile
2068 1565 2268 1662 partis
2289 1563 2610 1666 utriusque
2632 1591 2802 1642 con·

381 1675 449 1737 ’u
494 1670 627 1737 ium
646 1663 760 1737 est.
1984 1682 1990 1693 ·

375 1693 400 1763 ¹
449 1693 743 1935 gXXII‘.1
782 1766 1202 1865 Ingeniorum
1243 1759 1437 1834 dotes
1468 1786 1547 1834 ac
1568 1757 1948 1833 differentiae
1974 1786 2051 1834 ex
2076 1764 2310 1839 animae
2334 1790 2484 1840 cum
2510 1791 2793 1869 corpore

375 1888 546 1939 nexu
612 1889 694 1936 en
746 1887 882 1938 ent.
1049 1886 1052 1889 ·
2350 1905 2354 1910 -

471 1971 539 2039 X
558 1892 771 2038 l'cm.
822 1967 1020 2041 Mens
1038 1963 1327 2036 humana
1348 1986 1475 2032 una
1498 1965 1767 2060 corpori
1786 1957 1995 2033 solum
2013 1966 2124 2033 uni
2148 1960 2528 2061 copulatur:

466 2070 534 2138 Χ
550 2071 613 2138 Χ
628 2068 661 2134 1
675 2070 758 2139 V.
811 2067 892 2135 Et
907 2064 1178 2160 quidem
1195 2069 1322 2136 toti
1345 2067 1613 2162 corpori
1634 2086 1714 2131 or
1851 2065 1953 2132 ‘co
1973 2088 1997 2146 3

465 2163 532 2236 X
551 2169 615 2237 Χ
632 2166 726 2239 V.
775 2164 1079 2237 Proxime
1102 2187 1324 2238 tamen
1339 2160 1532 2236 solius
1558 2084 2018 2234 cereffiertae
2034 2165 2238 2261 parti:

466 2269 615 2338 XX
631 2267 773 2339 VJ.
827 2268 904 2333 In
921 2287 1122 2360 quam
1141 2261 1392 2333 cerebri
1414 2284 1668 2359 partem
1689 2259 1844 2331 cum
1862 2269 1932 2331 &
1955 2283 2196 2357 corpus
2213 2285 2330 2360 per
2349 2256 2496 2332 suos
2512 2255 2759 2364 spiritus
2770 2313 2795 2349 ,

342 2396 350 2404 ·
374 2370 443 2435 δι
473 2365 688 2432 anima
721 2383 839 2459 per
873 2356 1050 2432 suam
1078 2359 1491 2432 voluntatem
1524 2382 1716 2458 agere
1749 2356 1950 2457 poffit
1966 2405 1990 2443 ,
2025 2365 2348 2461 contingit
2364 2357 2698 2436 interdum
2722 2386 2794 2434 ut

375 2466 544 2533 inter
564 2454 624 2529 se
644 2446 944 2562 pugne‘nt
962 2467 1032 2532 &
1052 2459 1439 2561 confligant.

467 2561 532 2631 X
548 2563 614 2629 X
632 2565 691 2632 V
713 2565 740 2632 1
753 2566 809 2654 Ι.
857 2565 1050 2659 Q?-
1066 2583 1289 2661 pugna
1319 2560 1705 2658 quantumvi

377 2685 557 2732 marn
575 2682 711 2731 non
728 2656 1056 2732 diffeciat:

471 2766 539 2834 X
553 2767 619 2833 X
633 2765 696 2834 V
712 2765 785 2834 11
804 2765 856 2834 1.
908 2756 1032 2860 lpfi
1053 2780 1328 2858 quoque
1340 2761 1522 2831 actus
1543 2756 1834 2831 hominis
1860 2759 2079 2841 mixti,
2098 2763 2468 2858 quipartim
2485 2758 2627 2839 sunt
2647 2770 2798 2836 cor·'

371 2866 551 2961 poris
569 2864 808 2961 partim
829 2863 1026 2933 animi
1050 2913 1073 2946 ,
1111 2856 1232 2930 fibi
1246 2863 1528 2933 invicem
1546 2856 1860 2931 adversari
1883 2855 2167 2957 poffunt.

467 2965 763 3034 XXIX.
804 2964 887 3034 Et
919 2957 1105 3060 quod
1139 2967 1348 3058 majus
1371 2960 1463 3030 cst
1481 3011 1504 3045 ,
1540 2984 1617 3044 ea
1642 2957 1940 3030 mortalis
1958 2957 2148 3058 hujus
2179 2966 2323 3035 vitae
2339 2963 2645 3037 conditio
2669 2961 2787 3034 de-

370 3059 834 3229 prehenditur,
868 3084 940 3134 ut
958 3085 1199 3162 corpus
1227 3084 1613 3161 oppugnans
1635 3064 1923 3131 animam
1958 3064 2301 3135 victoriam
2318 3065 2654 3165 ‘reportare
2673 3086 2787 3137 va-

402 3182 530 3233 cat.
1438 3203 1447 3211 ·
2430 3221 2435 3222 f

468 3267 536 3333 X
553 3268 617 3337 X
635 3267 723 3337 X.
775 3264 929 3337 Nec
964 3285 1186 3335 tamen
1217 3260 1341 3333 hac
1374 3257 1506 3362 ipsiu
1530 3259 1792 3364 velsulla
1809 3262 1928 3336 alia
1950 3261 2033 3336 de
2055 3262 2235 3337 caufit
2255 3308 2280 3342 ,
2320 3287 2390 3337 at
2417 3260 2548 3337 sola
2568 3285 2806 3337 morte-

373 3354 483 3435 seu
502 3370 929 3466 corruptione
957 3369 1295 3465 corporis,
1325 3368 1467 3457 ejus
1483 3386 1635 3434 cum
1658 3367 1876 3435 anima
1893 3369 2283 3462 conjunctio
2312 3362 2692 3437 diffolvitur.

429 3501 435 3506 ·
471 3468 536 3536 X
553 3470 619 3536 X
636 3471 699 3536 X
721 3472 771 3538 1.
825 3471 923 3537 Ita
946 3491 1093 3564 pars
1112 3462 1432 3537 hominisi
1482 3460 1775 3534 nobilior
1787 3469 1977 3536 unica
2002 3474 2073 3539 &
2094 3471 2390 3565 proxima
2412 3467 2640 3534 mortis
2665 3458 2791 3535 hu·

376 3586 587 3636 manae
612 3563 832 3650 causa,
861 3591 1012 3664 pars
1029 3587 1249 3637 autern
1271 3559 1431 3634 nob‘
1463 3569 1566 3634 ior
1578 3589 1699 3664 per
1715 3560 1774 3634 se
1798 3563 1930 3636 sola
1951 3589 2310 3662 nunquam.

468 3663 531 3731 X
547 3668 690 3736 XX
712 3669 803 3738 11.
866 3671 1054 3836 Qsin
1088 3665 1226 3738 im‘o
1248 3688 1383 3736 tam
1405 3661 1683 3735 studiosa
1700 3660 1839 3735 haee
1859 3666 1950 3735 est
1977 3671 2272 3763 corporis
2291 3659 2376 3733 sui
2394 3716 2415 3748 ‚
2430 3660 2787 3736 -utomiffis
2872 3705 2876 3710 -

378 3764 578 3833 etiam
616 3769 896 3866 propriis
916 3769 959 3834 ii
987 3761 1769 3862 demque-jucundiffirnis
1793 3763 2243 3836 intellectualis
2263 3769 2406 3835 vitae
2428 3759 2794 3862 funffloni-

295 3874 314 3882 ’
378 3859 502 3935 bus
522 3907 547 3941 ι
585 3864 826 3964 quibus
860 3865 1197 3937 interdum
1230 3861 1545 3938 abstracta
1573 3862 1875 3981 indulget
1895 3917 1917 3946 ,
1965 3863 2050 3934 ad
2074 3862 2438 3937 commoda
2463 3873 2604 3963 ejus
2681 3886 2793 3932 ro·

375 3964 712 4038 movenda
739 3960 810 4037 se-
835 3972 1146 4066 pervices
1173 3966 1459 4071 applicet
1502 3988 1737 4070 ‚atque
1760 3971 2147 4045 imminente
2166 3963 2463 4069 periculo
2493 3971 2553 4036 ci
2590 3968 2602 3980 '
2685 3956 2793 4028 m&

373 4084 648 4168 quoque
673 4068 961 4148 advolet.
1681 4063 1820 4168 Nn
1840 4090 1885 4138 n
1940 4093 1977 4142 r.
2333 4058 2798 4139 xxxn1.·ra.

1708 2581 1737 2627 s
1761 2554 1993 2656 ardens
2009 2558 2228 2631 existat
2247 2609 2270 2644 ,
2305 2583 2544 2660 corpus
2565 2568 2635 2634 δε
2654 2565 2797 2635 a'ni-
2907 2555 2915 2566 ’
