<?xml version="1.0" encoding="UTF-8"?>
<!DOCTYPE html PUBLIC "-//W3C//DTD XHTML 1.0 Transitional//EN"
    "http://www.w3.org/TR/xhtml1/DTD/xhtml1-transitional.dtd">
<html xmlns="http://www.w3.org/1999/xhtml" xml:lang="en" lang="en">
 <head>
  <title>
</title>
<meta http-equiv="Content-Type" content="text/html;charset=utf-8" />
  <meta name='ocr-system' content='tesseract 3.04.00' />
  <meta name='ocr-capabilities' content='ocr_page ocr_carea ocr_par ocr_line ocrx_word'/>
</head>
<body>
  <div class='ocr_page' id='page_1' title='image "./johannisclauber00claugoog_0067.png"; bbox 0 0 3391 4418; ppageno 0'>
   <div class='ocr_carea' id='block_1_1' title="bbox 238 149 2860 3153">
    <p class='ocr_par' dir='ltr' id='par_1_1' title="bbox 988 149 2799 274">
     <span class='ocr_line' id='line_1_1' title="bbox 988 149 2799 274; baseline 0.002 -37"><span class='ocrx_word' id='word_1_1' title='bbox 988 149 2164 249; x_wconf 64' lang='lat' dir='ltr'>CONTRACTA.</span> <span class='ocrx_word' id='word_1_2' title='bbox 2677 189 2799 274; x_wconf 79' lang='lat'>47.</span> 
     </span>
    </p>

    <p class='ocr_par' dir='ltr' id='par_1_2' title="bbox 358 259 2794 469">
     <span class='ocr_line' id='line_1_2' title="bbox 454 259 2794 372; baseline 0.004 -31"><span class='ocrx_word' id='word_1_3' title='bbox 454 271 624 341; x_wconf 79' lang='lat'>610.</span> <span class='ocrx_word' id='word_1_4' title='bbox 658 259 1021 345; x_wconf 63' lang='lat' dir='ltr'>⁴Sufficiunt</span> <span class='ocrx_word' id='word_1_5' title='bbox 1056 288 1281 338; x_wconf 86' lang='lat' dir='ltr'>tamen</span> <span class='ocrx_word' id='word_1_6' title='bbox 1315 266 1407 351; x_wconf 76' lang='lat' dir='ltr'>&#39;ad</span> <span class='ocrx_word' id='word_1_7' title='bbox 1448 292 1718 343; x_wconf 89' lang='lat' dir='ltr'>motum</span> <span class='ocrx_word' id='word_1_8' title='bbox 1749 277 1964 343; x_wconf 61' lang='lat' dir='ltr'>rebium</span> <span class='ocrx_word' id='word_1_9' title='bbox 2001 269 2039 343; x_wconf 68' lang='lat' dir='ltr'>a</span> <span class='ocrx_word' id='word_1_10' title='bbox 2066 269 2278 371; x_wconf 78' lang='lat' dir='ltr'>polis,</span> <span class='ocrx_word' id='word_1_11' title='bbox 2323 272 2394 344; x_wconf 84' lang='lat' dir='ltr'>in</span> <span class='ocrx_word' id='word_1_12' title='bbox 2421 267 2671 372; x_wconf 82' lang='lat' dir='ltr'>quibus</span> <span class='ocrx_word' id='word_1_13' title='bbox 2699 280 2794 354; x_wconf 88' lang='lat' dir='ltr'>est</span> 
     </span>
     <span class='ocr_line' id='line_1_3' title="bbox 358 361 2101 469; baseline 0.002 -32"><span class='ocrx_word' id='word_1_14' title='bbox 358 369 584 437; x_wconf 88' lang='lat' dir='ltr'>minor</span> <span class='ocrx_word' id='word_1_15' title='bbox 601 389 856 451; x_wconf 84' lang='lat' dir='ltr'>motus,</span> <span class='ocrx_word' id='word_1_16' title='bbox 877 361 1090 437; x_wconf 86' lang='lat' dir='ltr'>versus</span> <span class='ocrx_word' id='word_1_17' title='bbox 1113 364 1626 452; x_wconf 69' lang='lat' dir='ltr'>mediumCoeli.</span> <span class='ocrx_word' id='word_1_18' title='bbox 1649 370 1714 469; x_wconf 87' lang='lat'>§.</span> <span class='ocrx_word' id='word_1_19' title='bbox 1736 374 1895 464; x_wconf 23' lang='lat'>5186.</span> <span class='ocrx_word' id='word_1_20' title='bbox 1921 396 1955 466; x_wconf 83' lang='lat'>5</span> <span class='ocrx_word' id='word_1_21' title='bbox 1969 392 2101 460; x_wconf 13' lang='lat' dir='ltr'>yvo.</span> 
     </span>
    </p>

    <p class='ocr_par' dir='ltr' id='par_1_3' title="bbox 349 463 2787 665">
     <span class='ocr_line' id='line_1_4' title="bbox 455 463 2787 573; baseline 0.006 -36"><span class='ocrx_word' id='word_1_22' title='bbox 455 476 538 537; x_wconf 87' lang='lat'>61</span> <span class='ocrx_word' id='word_1_23' title='bbox 564 493 621 538; x_wconf 89' lang='lat'>1.</span> <span class='ocrx_word' id='word_1_24' title='bbox 673 468 814 538; x_wconf 79' lang='lat' dir='ltr'>Has</span> <span class='ocrx_word' id='word_1_25' title='bbox 832 463 1185 567; x_wconf 83' lang='lat' dir='ltr'>particulas</span> <span class='ocrx_word' id='word_1_26' title='bbox 1204 520 1227 553; x_wconf 90' lang='lat'>,</span> <span class='ocrx_word' id='word_1_27' title='bbox 1271 467 1595 566; x_wconf 86' lang='lat' dir='ltr'>quamdiu</span> <span class='ocrx_word' id='word_1_28' title='bbox 1636 474 1809 565; x_wconf 80' lang='lat' dir='ltr'>inter</span> <span class='ocrx_word' id='word_1_29' title='bbox 1836 469 2150 573; x_wconf 80' lang='lat' dir='ltr'>globulos</span> <span class='ocrx_word' id='word_1_30' title='bbox 2183 466 2449 557; x_wconf 73' lang='lat' dir='ltr'>secundi</span> <span class='ocrx_word' id='word_1_31' title='bbox 2474 470 2787 567; x_wconf 82' lang='lat' dir='ltr'>elementi</span> 
     </span>
     <span class='ocr_line' id='line_1_5' title="bbox 349 561 2107 665; baseline 0.002 -25"><span class='ocrx_word' id='word_1_32' title='bbox 349 561 707 644; x_wconf 72' lang='lat' dir='ltr'>versantur.</span> <span class='ocrx_word' id='word_1_33' title='bbox 738 571 1022 639; x_wconf 80' lang='lat' dir='ltr'>materiae</span> <span class='ocrx_word' id='word_1_34' title='bbox 1039 572 1234 665; x_wconf 88' lang='lat' dir='ltr'>primi</span> <span class='ocrx_word' id='word_1_35' title='bbox 1256 569 2107 655; x_wconf 82' lang='lat' dir='ltr'>elementiannumeramus.</span> 
     </span>
    </p>

    <p class='ocr_par' dir='ltr' id='par_1_4' title="bbox 328 660 2775 1047">
     <span class='ocr_line' id='line_1_6' title="bbox 444 660 2775 771; baseline 0.005 -34"><span class='ocrx_word' id='word_1_36' title='bbox 444 674 531 739; x_wconf 87' lang='lat'>61</span> <span class='ocrx_word' id='word_1_37' title='bbox 550 691 615 741; x_wconf 86' lang='lat'>2.</span> <span class='ocrx_word' id='word_1_38' title='bbox 671 672 1021 770; x_wconf 83' lang='lat' dir='ltr'>Qoniam</span> <span class='ocrx_word' id='word_1_39' title='bbox 1039 664 1134 738; x_wconf 86' lang='lat' dir='ltr'>ibi</span> <span class='ocrx_word' id='word_1_40' title='bbox 1156 667 1443 741; x_wconf 86' lang='lat' dir='ltr'>necdum</span> <span class='ocrx_word' id='word_1_41' title='bbox 1478 676 1826 771; x_wconf 87' lang='lat' dir='ltr'>proprium</span> <span class='ocrx_word' id='word_1_42' title='bbox 1845 678 1912 746; x_wconf 76' lang='grc' dir='ltr'>δι</span> <span class='ocrx_word' id='word_1_43' title='bbox 1935 696 2187 745; x_wconf 86' lang='lat' dir='ltr'>novum</span> <span class='ocrx_word' id='word_1_44' title='bbox 2207 660 2428 745; x_wconf 78' lang='lat' dir='ltr'>earum</span> <span class='ocrx_word' id='word_1_45' title='bbox 2459 667 2775 749; x_wconf 69' lang='lat' dir='ltr'>effectum</span> 
     </span>
     <span class='ocr_line' id='line_1_7' title="bbox 346 760 2775 871; baseline 0.004 -32"><span class='ocrx_word' id='word_1_46' title='bbox 346 760 676 840; x_wconf 81' lang='lat' dir='ltr'>craffiores</span> <span class='ocrx_word' id='word_1_47' title='bbox 716 763 947 841; x_wconf 69' lang='lat' dir='ltr'>massas</span> <span class='ocrx_word' id='word_1_48' title='bbox 980 768 1467 866; x_wconf 83' lang='lat' dir='ltr'>componendi,</span> <span class='ocrx_word' id='word_1_49' title='bbox 1496 766 1753 871; x_wconf 81' lang='lat'>§.472.</span> <span class='ocrx_word' id='word_1_50' title='bbox 1784 768 2352 853; x_wconf 55' lang='lat' dir='ltr'>sedeomrnunem</span> <span class='ocrx_word' id='word_1_51' title='bbox 2367 772 2676 848; x_wconf 79' lang='lat' dir='ltr'>duntaxat</span> <span class='ocrx_word' id='word_1_52' title='bbox 2700 784 2775 849; x_wconf 75' lang='grc' dir='ltr'>δε</span> 
     </span>
     <span class='ocr_line' id='line_1_8' title="bbox 328 862 2772 974; baseline 0.004 -36"><span class='ocrx_word' id='word_1_53' title='bbox 328 871 631 966; x_wconf 73' lang='lat' dir='ltr'>primum</span> <span class='ocrx_word' id='word_1_54' title='bbox 657 862 861 971; x_wconf 79' lang='lat' dir='ltr'>spatia</span> <span class='ocrx_word' id='word_1_55' title='bbox 891 862 1323 967; x_wconf 78' lang='lat' dir='ltr'>globulorum</span> <span class='ocrx_word' id='word_1_56' title='bbox 1366 869 1785 972; x_wconf 87' lang='lat' dir='ltr'>triangularia</span> <span class='ocrx_word' id='word_1_57' title='bbox 1808 871 2145 974; x_wconf 79' lang='lat' dir='ltr'>replendi,</span> <span class='ocrx_word' id='word_1_58' title='bbox 2179 874 2240 973; x_wconf 89' lang='lat'>§.</span> <span class='ocrx_word' id='word_1_59' title='bbox 2270 877 2443 965; x_wconf 77' lang='lat'>468.</span> <span class='ocrx_word' id='word_1_60' title='bbox 2472 873 2772 948; x_wconf 87' lang='lat' dir='ltr'>animad-</span> 
     </span>
     <span class='ocr_line' id='line_1_9' title="bbox 344 992 678 1047; baseline 0.006 -8"><span class='ocrx_word' id='word_1_61' title='bbox 344 992 678 1047; x_wconf 77' lang='lat' dir='ltr'>vertimus,</span> 
     </span>
    </p>

    <p class='ocr_par' dir='ltr' id='par_1_5' title="bbox 335 1060 2774 1365">
     <span class='ocr_line' id='line_1_10' title="bbox 392 1060 2766 1171; baseline 0.003 -33"><span class='ocrx_word' id='word_1_62' title='bbox 392 1162 393 1165; x_wconf 8' lang='grc' dir='ltr'><strong>Ἴ</strong></span> <span class='ocrx_word' id='word_1_63' title='bbox 440 1078 560 1160; x_wconf 81' lang='lat'>613</span> <span class='ocrx_word' id='word_1_64' title='bbox 577 1120 596 1142; x_wconf 91' lang='lat'>.</span> <span class='ocrx_word' id='word_1_65' title='bbox 653 1071 738 1140; x_wconf 87' lang='lat' dir='ltr'>Et</span> <span class='ocrx_word' id='word_1_66' title='bbox 758 1116 780 1151; x_wconf 86' lang='lat'>,</span> <span class='ocrx_word' id='word_1_67' title='bbox 807 1060 854 1134; x_wconf 83' lang='lat' dir='ltr'>fi</span> <span class='ocrx_word' id='word_1_68' title='bbox 873 1086 978 1136; x_wconf 92' lang='lat' dir='ltr'>tot</span> <span class='ocrx_word' id='word_1_69' title='bbox 994 1070 1266 1139; x_wconf 85' lang='lat' dir='ltr'>nomina</span> <span class='ocrx_word' id='word_1_70' title='bbox 1286 1065 1481 1143; x_wconf 82' lang='lat' dir='ltr'>rebus</span> <span class='ocrx_word' id='word_1_71' title='bbox 1493 1074 1837 1171; x_wconf 75' lang='lat' dir='ltr'>imponere</span> <span class='ocrx_word' id='word_1_72' title='bbox 1853 1069 2166 1157; x_wconf 74' lang='lat' dir='ltr'>vellemus</span> <span class='ocrx_word' id='word_1_73' title='bbox 2195 1112 2220 1147; x_wconf 71' lang='lat'><em>2</em></span> <span class='ocrx_word' id='word_1_74' title='bbox 2249 1092 2424 1168; x_wconf 88' lang='lat' dir='ltr'>quot</span> <span class='ocrx_word' id='word_1_75' title='bbox 2448 1073 2515 1140; x_wconf 88' lang='lat' dir='ltr'>in</span> <span class='ocrx_word' id='word_1_76' title='bbox 2548 1072 2623 1143; x_wconf 80' lang='lat' dir='ltr'>iis</span> <span class='ocrx_word' id='word_1_77' title='bbox 2651 1096 2766 1146; x_wconf 84' lang='lat' dir='ltr'>va-</span> 
     </span>
     <span class='ocr_line' id='line_1_11' title="bbox 339 1161 2774 1270; baseline 0.001 -32"><span class='ocrx_word' id='word_1_78' title='bbox 339 1169 599 1241; x_wconf 84' lang='lat' dir='ltr'>rietates</span> <span class='ocrx_word' id='word_1_79' title='bbox 620 1167 862 1241; x_wconf 87' lang='lat' dir='ltr'>dantur</span> <span class='ocrx_word' id='word_1_80' title='bbox 882 1217 907 1251; x_wconf 88' lang='lat'>‚</span> <span class='ocrx_word' id='word_1_81' title='bbox 939 1187 1013 1237; x_wconf 90' lang='lat' dir='ltr'>ut</span> <span class='ocrx_word' id='word_1_82' title='bbox 1035 1161 1182 1236; x_wconf 67' lang='lat' dir='ltr'>sane</span> <span class='ocrx_word' id='word_1_83' title='bbox 1213 1171 1281 1235; x_wconf 87' lang='lat' dir='ltr'>in</span> <span class='ocrx_word' id='word_1_84' title='bbox 1304 1163 1431 1239; x_wconf 70' lang='lat' dir='ltr'>⁴hac</span> <span class='ocrx_word' id='word_1_85' title='bbox 1461 1176 1733 1243; x_wconf 86' lang='lat' dir='ltr'>materia</span> <span class='ocrx_word' id='word_1_86' title='bbox 1765 1173 1962 1270; x_wconf 87' lang='lat' dir='ltr'>primi</span> <span class='ocrx_word' id='word_1_87' title='bbox 1990 1170 2304 1251; x_wconf 83' lang='lat' dir='ltr'>elementi</span> <span class='ocrx_word' id='word_1_88' title='bbox 2324 1168 2774 1247; x_wconf 86' lang='lat' dir='ltr'>danturiunu-</span> 
     </span>
     <span class='ocr_line' id='line_1_12' title="bbox 335 1261 2766 1365; baseline -0.002 -27"><span class='ocrx_word' id='word_1_89' title='bbox 335 1291 534 1338; x_wconf 84' lang='lat' dir='ltr'>merae</span> <span class='ocrx_word' id='word_1_90' title='bbox 548 1322 566 1349; x_wconf 89' lang='lat'>,</span> <span class='ocrx_word' id='word_1_91' title='bbox 607 1262 1001 1339; x_wconf 89' lang='lat' dir='ltr'>nominandi</span> <span class='ocrx_word' id='word_1_92' title='bbox 1022 1262 1170 1333; x_wconf 85' lang='lat' dir='ltr'>finis</span> <span class='ocrx_word' id='word_1_93' title='bbox 1184 1285 1298 1332; x_wconf 90' lang='lat' dir='ltr'>aut</span> <span class='ocrx_word' id='word_1_94' title='bbox 1318 1264 1562 1337; x_wconf 78' lang='lat' dir='ltr'>modus</span> <span class='ocrx_word' id='word_1_95' title='bbox 1582 1267 1739 1338; x_wconf 74' lang='lat' dir='ltr'>esset</span> <span class='ocrx_word' id='word_1_96' title='bbox 1755 1266 1993 1341; x_wconf 79' lang='lat' dir='ltr'>nullus.</span> <span class='ocrx_word' id='word_1_97' title='bbox 2043 1265 2304 1350; x_wconf 77' lang='lat' dir='ltr'>Confer</span> <span class='ocrx_word' id='word_1_98' title='bbox 2318 1268 2383 1364; x_wconf 88' lang='lat'>§.</span> <span class='ocrx_word' id='word_1_99' title='bbox 2411 1292 2438 1335; x_wconf 90' lang='lat'>1</span> <span class='ocrx_word' id='word_1_100' title='bbox 2461 1290 2487 1335; x_wconf 88' lang='lat'>1</span> <span class='ocrx_word' id='word_1_101' title='bbox 2501 1289 2570 1351; x_wconf 89' lang='lat'>7.</span> <span class='ocrx_word' id='word_1_102' title='bbox 2589 1261 2766 1365; x_wconf 84' lang='lat' dir='ltr'>seqq.</span> 
     </span>
    </p>

    <p class='ocr_par' dir='ltr' id='par_1_6' title="bbox 341 1358 2775 1659">
     <span class='ocr_line' id='line_1_13' title="bbox 440 1358 2771 1459; baseline 0.001 -25"><span class='ocrx_word' id='word_1_103' title='bbox 440 1378 484 1434; x_wconf 97' lang='lat'>6</span> <span class='ocrx_word' id='word_1_104' title='bbox 502 1391 529 1433; x_wconf 83' lang='lat'>1</span> <span class='ocrx_word' id='word_1_105' title='bbox 546 1392 611 1450; x_wconf 89' lang='lat'>4.</span> <span class='ocrx_word' id='word_1_106' title='bbox 673 1362 809 1435; x_wconf 88' lang='lat' dir='ltr'>Sed</span> <span class='ocrx_word' id='word_1_107' title='bbox 837 1358 1113 1454; x_wconf 88' lang='lat' dir='ltr'>quando</span> <span class='ocrx_word' id='word_1_108' title='bbox 1135 1361 1220 1431; x_wconf 88' lang='lat' dir='ltr'>ad</span> <span class='ocrx_word' id='word_1_109' title='bbox 1235 1386 1475 1459; x_wconf 72' lang='lat' dir='ltr'>corpus</span> <span class='ocrx_word' id='word_1_110' title='bbox 1488 1358 1717 1432; x_wconf 80' lang='lat' dir='ltr'>fideris</span> <span class='ocrx_word' id='word_1_111' title='bbox 1735 1360 2411 1434; x_wconf 80' lang='lat' dir='ltr'>accedunt·craffiores</span> <span class='ocrx_word' id='word_1_112' title='bbox 2423 1386 2500 1432; x_wconf 90' lang='lat' dir='ltr'>ac</span> <span class='ocrx_word' id='word_1_113' title='bbox 2525 1362 2771 1449; x_wconf 74' lang='lat' dir='ltr'>tardio-</span> 
     </span>
     <span class='ocr_line' id='line_1_14' title="bbox 341 1455 2775 1559; baseline 0 -28"><span class='ocrx_word' id='word_1_114' title='bbox 341 1486 445 1532; x_wconf 85' lang='lat' dir='ltr'>res</span> <span class='ocrx_word' id='word_1_115' title='bbox 458 1461 586 1530; x_wconf 83' lang='lat' dir='ltr'>istae</span> <span class='ocrx_word' id='word_1_116' title='bbox 601 1456 927 1559; x_wconf 69' lang='lat' dir='ltr'>particulae</span> <span class='ocrx_word' id='word_1_117' title='bbox 950 1508 974 1542; x_wconf 88' lang='lat'>‚</span> <span class='ocrx_word' id='word_1_118' title='bbox 1005 1462 1318 1552; x_wconf 78' lang='lat' dir='ltr'>quianon</span> <span class='ocrx_word' id='word_1_119' title='bbox 1333 1455 1597 1556; x_wconf 73' lang='lat' dir='ltr'>possunt</span> <span class='ocrx_word' id='word_1_120' title='bbox 1625 1479 1782 1527; x_wconf 88' lang='lat' dir='ltr'>cum</span> <span class='ocrx_word' id='word_1_121' title='bbox 1797 1456 2044 1555; x_wconf 86' lang='lat' dir='ltr'>reliqua</span> <span class='ocrx_word' id='word_1_122' title='bbox 2058 1456 2390 1539; x_wconf 82' lang='lat' dir='ltr'>subtiliore</span> <span class='ocrx_word' id='word_1_123' title='bbox 2406 1482 2484 1533; x_wconf 84' lang='lat' dir='ltr'>ac</span> <span class='ocrx_word' id='word_1_124' title='bbox 2504 1458 2775 1543; x_wconf 87' lang='lat' dir='ltr'>celerio-</span> 
     </span>
     <span class='ocr_line' id='line_1_15' title="bbox 343 1553 2501 1659; baseline 0.003 -32"><span class='ocrx_word' id='word_1_125' title='bbox 343 1582 414 1627; x_wconf 89' lang='lat' dir='ltr'>re</span> <span class='ocrx_word' id='word_1_126' title='bbox 440 1556 752 1631; x_wconf 87' lang='lat' dir='ltr'>elementi</span> <span class='ocrx_word' id='word_1_127' title='bbox 768 1559 969 1659; x_wconf 87' lang='lat' dir='ltr'>primi</span> <span class='ocrx_word' id='word_1_128' title='bbox 991 1559 1259 1626; x_wconf 87' lang='lat' dir='ltr'>materia</span> <span class='ocrx_word' id='word_1_129' title='bbox 1276 1560 1341 1626; x_wconf 91' lang='lat' dir='ltr'>in</span> <span class='ocrx_word' id='word_1_130' title='bbox 1362 1553 1600 1630; x_wconf 81' lang='lat' dir='ltr'>ssmiles</span> <span class='ocrx_word' id='word_1_131' title='bbox 1614 1577 1838 1629; x_wconf 83' lang='lat' dir='ltr'>motus</span> <span class='ocrx_word' id='word_1_132' title='bbox 1854 1553 2236 1631; x_wconf 86' lang='lat' dir='ltr'>consentire.</span> <span class='ocrx_word' id='word_1_133' title='bbox 2255 1558 2425 1657; x_wconf 86' lang='lat'>§.58</span> <span class='ocrx_word' id='word_1_134' title='bbox 2437 1582 2501 1633; x_wconf 71' lang='grc' dir='ltr'>ι.</span> 
     </span>
    </p>

    <p class='ocr_par' dir='ltr' id='par_1_7' title="bbox 332 1650 2771 1958">
     <span class='ocr_line' id='line_1_16' title="bbox 447 1650 2771 1759; baseline 0.003 -32"><span class='ocrx_word' id='word_1_135' title='bbox 447 1667 617 1752; x_wconf 86' lang='lat'>615.</span> <span class='ocrx_word' id='word_1_136' title='bbox 669 1653 799 1728; x_wconf 81' lang='lat' dir='ltr'>111ae</span> <span class='ocrx_word' id='word_1_137' title='bbox 828 1650 913 1725; x_wconf 90' lang='lat' dir='ltr'>ab</span> <span class='ocrx_word' id='word_1_138' title='bbox 945 1650 1051 1725; x_wconf 80' lang='lat' dir='ltr'>his</span> <span class='ocrx_word' id='word_1_139' title='bbox 1078 1650 1478 1755; x_wconf 77' lang='lat' dir='ltr'>separantur,</span> <span class='ocrx_word' id='word_1_140' title='bbox 1519 1654 2095 1757; x_wconf 79' lang='lat' dir='ltr'>quemadmodum</span> <span class='ocrx_word' id='word_1_141' title='bbox 2122 1655 2347 1759; x_wconf 86' lang='lat' dir='ltr'>spuma</span> <span class='ocrx_word' id='word_1_142' title='bbox 2369 1656 2454 1729; x_wconf 89' lang='lat' dir='ltr'>ab</span> <span class='ocrx_word' id='word_1_143' title='bbox 2484 1656 2771 1735; x_wconf 84' lang='lat' dir='ltr'>efferve-</span> 
     </span>
     <span class='ocr_line' id='line_1_17' title="bbox 341 1753 2767 1861; baseline 0.002 -31"><span class='ocrx_word' id='word_1_144' title='bbox 341 1753 561 1830; x_wconf 86' lang='lat' dir='ltr'>scente</span> <span class='ocrx_word' id='word_1_145' title='bbox 577 1757 832 1856; x_wconf 86' lang='lat' dir='ltr'>liquore</span> <span class='ocrx_word' id='word_1_146' title='bbox 848 1806 870 1835; x_wconf 89' lang='lat'>‚</span> <span class='ocrx_word' id='word_1_147' title='bbox 903 1755 1028 1856; x_wconf 89' lang='lat'>§.2</span> <span class='ocrx_word' id='word_1_148' title='bbox 1045 1781 1157 1827; x_wconf 83' lang='lat'>22.</span> <span class='ocrx_word' id='word_1_149' title='bbox 1196 1779 1271 1826; x_wconf 88' lang='lat' dir='ltr'>ac</span> <span class='ocrx_word' id='word_1_150' title='bbox 1297 1779 1432 1829; x_wconf 89' lang='lat' dir='ltr'>tum</span> <span class='ocrx_word' id='word_1_151' title='bbox 1451 1811 1474 1841; x_wconf 84' lang='lat'>‚</span> <span class='ocrx_word' id='word_1_152' title='bbox 1514 1753 1613 1830; x_wconf 91' lang='lat' dir='ltr'>ob</span> <span class='ocrx_word' id='word_1_153' title='bbox 1625 1781 1884 1835; x_wconf 86' lang='lat' dir='ltr'>novum</span> <span class='ocrx_word' id='word_1_154' title='bbox 1897 1756 2160 1860; x_wconf 86' lang='lat' dir='ltr'>prorsus</span> <span class='ocrx_word' id='word_1_155' title='bbox 2172 1756 2520 1843; x_wconf 65' lang='lat' dir='ltr'>essedum,</span> <span class='ocrx_word' id='word_1_156' title='bbox 2555 1786 2767 1861; x_wconf 86' lang='lat' dir='ltr'>pecu-</span> 
     </span>
     <span class='ocr_line' id='line_1_18' title="bbox 332 1852 2048 1958; baseline 0.002 -29"><span class='ocrx_word' id='word_1_157' title='bbox 332 1857 494 1929; x_wconf 81' lang='lat' dir='ltr'>liare</span> <span class='ocrx_word' id='word_1_158' title='bbox 517 1862 689 1931; x_wconf 80' lang='lat' dir='ltr'>tertii</span> <span class='ocrx_word' id='word_1_159' title='bbox 708 1855 1016 1929; x_wconf 85' lang='lat' dir='ltr'>elementi</span> <span class='ocrx_word' id='word_1_160' title='bbox 1028 1878 1279 1928; x_wconf 87' lang='lat' dir='ltr'>nomen</span> <span class='ocrx_word' id='word_1_161' title='bbox 1294 1852 1758 1958; x_wconf 80' lang='lat' dir='ltr'>adipiscuntur,</span> <span class='ocrx_word' id='word_1_162' title='bbox 1785 1859 1848 1936; x_wconf 75' lang='lat'>§-</span> <span class='ocrx_word' id='word_1_163' title='bbox 1870 1884 2048 1956; x_wconf 85' lang='lat'>479.</span> 
     </span>
    </p>

    <p class='ocr_par' dir='ltr' id='par_1_8' title="bbox 238 1953 2860 2457">
     <span class='ocr_line' id='line_1_19' title="bbox 434 1953 2773 2060; baseline 0.002 -32"><span class='ocrx_word' id='word_1_164' title='bbox 434 1968 590 2032; x_wconf 88' lang='lat'>616.</span> <span class='ocrx_word' id='word_1_165' title='bbox 645 1958 823 2029; x_wconf 90' lang='lat' dir='ltr'>Nam</span> <span class='ocrx_word' id='word_1_166' title='bbox 849 1953 944 2028; x_wconf 94' lang='lat' dir='ltr'>ob</span> <span class='ocrx_word' id='word_1_167' title='bbox 964 1962 1290 2051; x_wconf 84' lang='lat' dir='ltr'>majorem</span> <span class='ocrx_word' id='word_1_168' title='bbox 1325 1962 1799 2054; x_wconf 83' lang='lat' dir='ltr'>quantitatem,</span> <span class='ocrx_word' id='word_1_169' title='bbox 1837 1956 2197 2030; x_wconf 86' lang='lat' dir='ltr'>tardiorem</span> <span class='ocrx_word' id='word_1_170' title='bbox 2237 1981 2502 2031; x_wconf 89' lang='lat' dir='ltr'>motum</span> <span class='ocrx_word' id='word_1_171' title='bbox 2534 1957 2773 2060; x_wconf 79' lang='lat' dir='ltr'>figuras</span> 
     </span>
     <span class='ocr_line' id='line_1_20' title="bbox 238 2050 2860 2158; baseline 0.002 -29"><span class='ocrx_word' id='word_1_172' title='bbox 238 2128 241 2129; x_wconf 8' lang='lat' dir='ltr'>a</span> <span class='ocrx_word' id='word_1_173' title='bbox 329 2052 616 2157; x_wconf 85' lang='lat' dir='ltr'>denique</span> <span class='ocrx_word' id='word_1_174' title='bbox 638 2053 974 2158; x_wconf 71' lang='lat' dir='ltr'>angulosas</span> <span class='ocrx_word' id='word_1_175' title='bbox 991 2050 1187 2128; x_wconf 64' lang='lat' dir='ltr'>facili:</span> <span class='ocrx_word' id='word_1_176' title='bbox 1215 2052 1335 2126; x_wconf 81' lang='lat' dir='ltr'>fibi</span> <span class='ocrx_word' id='word_1_177' title='bbox 1355 2059 1592 2131; x_wconf 76' lang='lat' dir='ltr'>mutuo</span> <span class='ocrx_word' id='word_1_178' title='bbox 1615 2053 2017 2131; x_wconf 68' lang='lat' dir='ltr'>adhaerentes</span> <span class='ocrx_word' id='word_1_179' title='bbox 2042 2108 2065 2147; x_wconf 86' lang='lat'>‚</span> <span class='ocrx_word' id='word_1_180' title='bbox 2106 2061 2170 2158; x_wconf 82' lang='lat'>§.</span> <span class='ocrx_word' id='word_1_181' title='bbox 2191 2084 2357 2150; x_wconf 86' lang='lat'>242.</span> <span class='ocrx_word' id='word_1_182' title='bbox 2390 2084 2476 2157; x_wconf 86' lang='lat'>30</span> <span class='ocrx_word' id='word_1_183' title='bbox 2489 2082 2556 2151; x_wconf 88' lang='lat'>5.</span> <span class='ocrx_word' id='word_1_184' title='bbox 2616 2085 2769 2133; x_wconf 85' lang='lat' dir='ltr'>mo-</span> <span class='ocrx_word' id='word_1_185' title='bbox 2851 2130 2860 2133; x_wconf 22' lang='grc' dir='ltr'><strong><em>Ἴ</em></strong></span> 
     </span>
     <span class='ocr_line' id='line_1_21' title="bbox 324 2153 2530 2259; baseline 0 -29"><span class='ocrx_word' id='word_1_186' title='bbox 324 2153 418 2230; x_wconf 84' lang='lat' dir='ltr'>les</span> <span class='ocrx_word' id='word_1_187' title='bbox 432 2155 524 2230; x_wconf 84' lang='lat' dir='ltr'>ibi</span> <span class='ocrx_word' id='word_1_188' title='bbox 540 2182 926 2259; x_wconf 88' lang='lat' dir='ltr'>permagnas</span> <span class='ocrx_word' id='word_1_189' title='bbox 942 2153 1307 2255; x_wconf 86' lang='lat' dir='ltr'>aliquando</span> <span class='ocrx_word' id='word_1_190' title='bbox 1326 2179 1773 2258; x_wconf 79' lang='lat' dir='ltr'>componunt.</span> <span class='ocrx_word' id='word_1_191' title='bbox 2339 2211 2346 2216; x_wconf 91' lang='lat'>-</span> <span class='ocrx_word' id='word_1_192' title='bbox 2523 2233 2530 2240; x_wconf 76' lang='grc'><strong><em>,</em></strong></span> 
     </span>
     <span class='ocr_line' id='line_1_22' title="bbox 250 2252 2848 2358; baseline 0.001 -30"><span class='ocrx_word' id='word_1_193' title='bbox 250 2319 263 2328; x_wconf 93' lang='grc'><strong>.</strong></span> <span class='ocrx_word' id='word_1_194' title='bbox 390 2265 395 2269; x_wconf 82' lang='grc'><em>’</em></span> <span class='ocrx_word' id='word_1_195' title='bbox 427 2270 471 2329; x_wconf 92' lang='lat'>6</span> <span class='ocrx_word' id='word_1_196' title='bbox 490 2285 597 2345; x_wconf 84' lang='lat'>¹7·</span> <span class='ocrx_word' id='word_1_197' title='bbox 649 2266 820 2358; x_wconf 81' lang='lat' dir='ltr'>Qae</span> <span class='ocrx_word' id='word_1_198' title='bbox 846 2263 1090 2330; x_wconf 82' lang='lat' dir='ltr'>intimae</span> <span class='ocrx_word' id='word_1_199' title='bbox 1105 2258 1284 2331; x_wconf 87' lang='lat' dir='ltr'>Coeli</span> <span class='ocrx_word' id='word_1_200' title='bbox 1305 2253 1659 2357; x_wconf 85' lang='lat' dir='ltr'>superficiei</span> <span class='ocrx_word' id='word_1_201' title='bbox 1675 2259 2026 2358; x_wconf 69' lang='lat' dir='ltr'>contiguae,</span> <span class='ocrx_word' id='word_1_202' title='bbox 2055 2252 2273 2328; x_wconf 87' lang='lat' dir='ltr'>Sideri</span> <span class='ocrx_word' id='word_1_203' title='bbox 2293 2280 2371 2332; x_wconf 82' lang='lat' dir='ltr'>ex</span> <span class='ocrx_word' id='word_1_204' title='bbox 2390 2280 2532 2353; x_wconf 90' lang='lat' dir='ltr'>quo</span> <span class='ocrx_word' id='word_1_205' title='bbox 2555 2283 2771 2334; x_wconf 87' lang='lat' dir='ltr'>emet·</span> <span class='ocrx_word' id='word_1_206' title='bbox 2841 2313 2848 2316; x_wconf 88' lang='lat'><em>-</em></span> 
     </span>
     <span class='ocr_line' id='line_1_23' title="bbox 323 2354 2752 2457; baseline 0.001 -27"><span class='ocrx_word' id='word_1_207' title='bbox 323 2354 1037 2454; x_wconf 82' lang='lat' dir='ltr'>seruntadjunguntut,</span> <span class='ocrx_word' id='word_1_208' title='bbox 1082 2364 1150 2430; x_wconf 74' lang='grc' dir='ltr'>ὅτ.</span> <span class='ocrx_word' id='word_1_209' title='bbox 1169 2362 1239 2429; x_wconf 86' lang='lat' dir='ltr'>in</span> <span class='ocrx_word' id='word_1_210' title='bbox 1254 2354 1584 2457; x_wconf 86' lang='lat' dir='ltr'>superficie</span> <span class='ocrx_word' id='word_1_211' title='bbox 1603 2354 1880 2456; x_wconf 84' lang='lat' dir='ltr'>quidem</span> <span class='ocrx_word' id='word_1_212' title='bbox 1914 2359 2054 2427; x_wconf 69' lang='lat' dir='ltr'><em>solio</em></span> <span class='ocrx_word' id='word_1_213' title='bbox 2077 2361 2302 2429; x_wconf 73' lang='lat' dir='ltr'>macula</span> <span class='ocrx_word' id='word_1_214' title='bbox 2319 2356 2752 2455; x_wconf 77' lang='lat' dir='ltr'>appellantur.</span> 
     </span>
    </p>

    <p class='ocr_par' dir='ltr' id='par_1_9' title="bbox 330 2479 2767 2855">
     <span class='ocr_line' id='line_1_24' title="bbox 426 2479 2767 2650; baseline 0.001 -26"><span class='ocrx_word' id='word_1_215' title='bbox 426 2479 598 2626; x_wconf 53' lang='lat'>251255.</span> <span class='ocrx_word' id='word_1_216' title='bbox 653 2555 1003 2646; x_wconf 82' lang='lat' dir='ltr'>Qoniam</span> <span class='ocrx_word' id='word_1_217' title='bbox 1034 2546 1321 2623; x_wconf 83' lang='lat' dir='ltr'>resistunt</span> <span class='ocrx_word' id='word_1_218' title='bbox 1353 2549 1664 2650; x_wconf 85' lang='lat' dir='ltr'>preffioni</span> <span class='ocrx_word' id='word_1_219' title='bbox 1693 2549 1959 2623; x_wconf 81' lang='lat' dir='ltr'>luminis</span> <span class='ocrx_word' id='word_1_220' title='bbox 1987 2593 2015 2627; x_wconf 74' lang='lat'>‚</span> <span class='ocrx_word' id='word_1_221' title='bbox 2057 2553 2119 2646; x_wconf 86' lang='lat'>§.</span> <span class='ocrx_word' id='word_1_222' title='bbox 2140 2572 2304 2641; x_wconf 81' lang='lat'>545.</span> <span class='ocrx_word' id='word_1_223' title='bbox 2347 2553 2538 2622; x_wconf 87' lang='lat' dir='ltr'>instar</span> <span class='ocrx_word' id='word_1_224' title='bbox 2576 2554 2767 2626; x_wconf 84' lang='lat' dir='ltr'>nubis</span> 
     </span>
     <span class='ocr_line' id='line_1_25' title="bbox 334 2644 2764 2748; baseline -0.002 -23"><span class='ocrx_word' id='word_1_225' title='bbox 334 2677 453 2726; x_wconf 85' lang='lat' dir='ltr'>aut</span> <span class='ocrx_word' id='word_1_226' title='bbox 466 2647 636 2722; x_wconf 86' lang='lat' dir='ltr'>fumi</span> <span class='ocrx_word' id='word_1_227' title='bbox 652 2649 870 2720; x_wconf 89' lang='lat' dir='ltr'>lucem</span> <span class='ocrx_word' id='word_1_228' title='bbox 899 2652 1206 2748; x_wconf 87' lang='lat' dir='ltr'>&amp;ignem</span> <span class='ocrx_word' id='word_1_229' title='bbox 1224 2645 1751 2727; x_wconf 58' lang='lat' dir='ltr'>obumbrantis,</span> <span class='ocrx_word' id='word_1_230' title='bbox 1789 2645 1896 2717; x_wconf 84' lang='lat' dir='ltr'>vel</span> <span class='ocrx_word' id='word_1_231' title='bbox 1920 2649 2120 2713; x_wconf 86' lang='lat' dir='ltr'>etiam</span> <span class='ocrx_word' id='word_1_232' title='bbox 2136 2646 2331 2713; x_wconf 84' lang='lat' dir='ltr'>instar</span> <span class='ocrx_word' id='word_1_233' title='bbox 2344 2644 2596 2741; x_wconf 86' lang='lat' dir='ltr'>spumae,</span> <span class='ocrx_word' id='word_1_234' title='bbox 2619 2674 2764 2744; x_wconf 79' lang='lat' dir='ltr'>quae</span> 
     </span>
     <span class='ocr_line' id='line_1_26' title="bbox 330 2739 1991 2855; baseline -0.007 -32"><span class='ocrx_word' id='word_1_235' title='bbox 330 2749 742 2855; x_wconf 86' lang='lat' dir='ltr'>superficiem</span> <span class='ocrx_word' id='word_1_236' title='bbox 759 2749 1040 2847; x_wconf 82' lang='lat' dir='ltr'>liquoris</span> <span class='ocrx_word' id='word_1_237' title='bbox 1059 2767 1277 2843; x_wconf 85' lang='lat' dir='ltr'>tegere</span> <span class='ocrx_word' id='word_1_238' title='bbox 1298 2756 1367 2819; x_wconf 74' lang='grc' dir='ltr'>δε</span> <span class='ocrx_word' id='word_1_239' title='bbox 1384 2742 1784 2818; x_wconf 85' lang='lat' dir='ltr'>obumbrare</span> <span class='ocrx_word' id='word_1_240' title='bbox 1810 2739 1991 2813; x_wconf 90' lang='lat' dir='ltr'>solet.</span> 
     </span>
    </p>

    <p class='ocr_par' dir='ltr' id='par_1_10' title="bbox 321 2837 2763 3153">
     <span class='ocr_line' id='line_1_27' title="bbox 437 2837 2763 2944; baseline -0.003 -20"><span class='ocrx_word' id='word_1_241' title='bbox 437 2869 607 2940; x_wconf 89' lang='lat'>619.</span> <span class='ocrx_word' id='word_1_242' title='bbox 655 2863 1003 2941; x_wconf 71' lang='lat' dir='ltr'>Pcrmaegnaea</span> <span class='ocrx_word' id='word_1_243' title='bbox 1034 2843 1193 2916; x_wconf 88' lang='lat' dir='ltr'>dico</span> <span class='ocrx_word' id='word_1_244' title='bbox 1228 2848 1398 2917; x_wconf 77' lang='lat' dir='ltr'>moles</span> <span class='ocrx_word' id='word_1_245' title='bbox 1426 2900 1447 2930; x_wconf 90' lang='lat'><strong>,</strong></span> <span class='ocrx_word' id='word_1_246' title='bbox 1493 2867 1729 2944; x_wconf 86' lang='lat' dir='ltr'>utpote</span> <span class='ocrx_word' id='word_1_247' title='bbox 1762 2867 1907 2941; x_wconf 85' lang='lat' dir='ltr'>quae</span> <span class='ocrx_word' id='word_1_248' title='bbox 1937 2839 2249 2914; x_wconf 84' lang='lat' dir='ltr'>latiorem</span> <span class='ocrx_word' id='word_1_249' title='bbox 2285 2845 2483 2913; x_wconf 84' lang='lat' dir='ltr'>etiam</span> <span class='ocrx_word' id='word_1_250' title='bbox 2504 2837 2763 2941; x_wconf 56' lang='lat' dir='ltr'>{quam</span> 
     </span>
     <span class='ocr_line' id='line_1_28' title="bbox 329 2937 2758 3043; baseline -0.005 -16"><span class='ocrx_word' id='word_1_251' title='bbox 329 2976 475 3027; x_wconf 91' lang='lat' dir='ltr'>tota</span> <span class='ocrx_word' id='word_1_252' title='bbox 494 2952 865 3023; x_wconf 89' lang='lat' dir='ltr'>Germania</span> <span class='ocrx_word' id='word_1_253' title='bbox 885 2946 977 3017; x_wconf 88' lang='lat' dir='ltr'>est</span> <span class='ocrx_word' id='word_1_254' title='bbox 991 2998 1014 3030; x_wconf 91' lang='lat'>,</span> <span class='ocrx_word' id='word_1_255' title='bbox 1052 2949 1220 3014; x_wconf 89' lang='lat' dir='ltr'>circa</span> <span class='ocrx_word' id='word_1_256' title='bbox 1232 2943 1457 3019; x_wconf 86' lang='lat' dir='ltr'>Solem</span> <span class='ocrx_word' id='word_1_257' title='bbox 1475 2970 1587 3017; x_wconf 89' lang='lat' dir='ltr'>aut</span> <span class='ocrx_word' id='word_1_258' title='bbox 1610 2945 1789 3017; x_wconf 72' lang='lat' dir='ltr'>fixas</span> <span class='ocrx_word' id='word_1_259' title='bbox 1807 2999 1827 3026; x_wconf 89' lang='lat'>‚</span> <span class='ocrx_word' id='word_1_260' title='bbox 1873 2942 1933 3043; x_wconf 84' lang='lat'>§.</span> <span class='ocrx_word' id='word_1_261' title='bbox 1950 2961 2045 3034; x_wconf 84' lang='lat'>43</span> <span class='ocrx_word' id='word_1_262' title='bbox 2056 2971 2121 3035; x_wconf 90' lang='lat'>9.</span> <span class='ocrx_word' id='word_1_263' title='bbox 2151 2937 2283 3037; x_wconf 88' lang='lat' dir='ltr'>seq.</span> <span class='ocrx_word' id='word_1_264' title='bbox 2334 2946 2622 3014; x_wconf 58' lang='lat' dir='ltr'>maetam</span> <span class='ocrx_word' id='word_1_265' title='bbox 2641 2972 2758 3017; x_wconf 90' lang='lat' dir='ltr'>oc-</span> 
     </span>
     <span class='ocr_line' id='line_1_29' title="bbox 321 3039 2757 3153; baseline -0.003 -29"><span class='ocrx_word' id='word_1_266' title='bbox 321 3062 565 3153; x_wconf 79' lang='lat' dir='ltr'>cupare</span> <span class='ocrx_word' id='word_1_267' title='bbox 603 3046 866 3149; x_wconf 70' lang='lat' dir='ltr'>possunt</span> <span class='ocrx_word' id='word_1_268' title='bbox 899 3073 925 3116; x_wconf 84' lang='lat'>·.</span> <span class='ocrx_word' id='word_1_269' title='bbox 958 3048 1277 3144; x_wconf 87' lang='lat' dir='ltr'>quoniam</span> <span class='ocrx_word' id='word_1_270' title='bbox 1314 3048 1683 3150; x_wconf 85' lang='lat' dir='ltr'>ingentium</span> <span class='ocrx_word' id='word_1_271' title='bbox 1725 3039 2050 3141; x_wconf 87' lang='lat' dir='ltr'>ejusmodi</span> <span class='ocrx_word' id='word_1_272' title='bbox 2092 3066 2456 3141; x_wconf 82' lang='lat' dir='ltr'>corporum</span> <span class='ocrx_word' id='word_1_273' title='bbox 2496 3043 2757 3118; x_wconf 84' lang='lat' dir='ltr'>effluvia</span> 
     </span>
    </p>
   </div>
   <div class='ocr_carea' id='block_1_2' title="bbox 194 3142 1228 3249">
    <p class='ocr_par' dir='ltr' id='par_1_11' title="bbox 194 3142 1228 3249">
     <span class='ocr_line' id='line_1_30' title="bbox 194 3142 1228 3249; baseline -0.007 -28"><span class='ocrx_word' id='word_1_274' title='bbox 194 3213 203 3221; x_wconf 83' lang='lat'>.</span> <span class='ocrx_word' id='word_1_275' title='bbox 317 3149 605 3225; x_wconf 64' lang='lat' dir='ltr'>minime</span> <span class='ocrx_word' id='word_1_276' title='bbox 625 3173 821 3249; x_wconf 84' lang='lat' dir='ltr'>parva</span> <span class='ocrx_word' id='word_1_277' title='bbox 846 3142 1228 3246; x_wconf 85' lang='lat' dir='ltr'>cogitanda.</span> 
     </span>
    </p>
   </div>
   <div class='ocr_carea' id='block_1_3' title="bbox 303 3236 2762 4046">
    <p class='ocr_par' dir='ltr' id='par_1_12' title="bbox 307 3236 2755 3540">
     <span class='ocr_line' id='line_1_31' title="bbox 427 3236 2755 3348; baseline -0.002 -27"><span class='ocrx_word' id='word_1_278' title='bbox 427 3257 598 3321; x_wconf 87' lang='lat'>620.</span> <span class='ocrx_word' id='word_1_279' title='bbox 649 3247 972 3347; x_wconf 83' lang='lat' dir='ltr'>Qamvis</span> <span class='ocrx_word' id='word_1_280' title='bbox 1003 3267 1223 3319; x_wconf 88' lang='lat' dir='ltr'>autem</span> <span class='ocrx_word' id='word_1_281' title='bbox 1244 3251 1540 3348; x_wconf 83' lang='lat' dir='ltr'>ingentes</span> <span class='ocrx_word' id='word_1_282' title='bbox 1572 3241 1747 3317; x_wconf 74' lang='lat' dir='ltr'>adeo</span> <span class='ocrx_word' id='word_1_283' title='bbox 1785 3236 1910 3311; x_wconf 83' lang='lat' dir='ltr'>fint</span> <span class='ocrx_word' id='word_1_284' title='bbox 1946 3236 2257 3325; x_wconf 85' lang='lat' dir='ltr'>maculae,</span> <span class='ocrx_word' id='word_1_285' title='bbox 2293 3242 2510 3339; x_wconf 87' lang='lat' dir='ltr'>potest</span> <span class='ocrx_word' id='word_1_286' title='bbox 2531 3266 2755 3317; x_wconf 89' lang='lat' dir='ltr'>tamen</span> 
     </span>
     <span class='ocr_line' id='line_1_32' title="bbox 314 3338 2752 3450; baseline -0.005 -23"><span class='ocrx_word' id='word_1_287' title='bbox 314 3353 359 3427; x_wconf 72' lang='grc' dir='ltr'>εὶ</span> <span class='ocrx_word' id='word_1_288' title='bbox 413 3353 597 3423; x_wconf 86' lang='lat' dir='ltr'>tenui</span> <span class='ocrx_word' id='word_1_289' title='bbox 631 3372 777 3421; x_wconf 89' lang='lat' dir='ltr'>orta</span> <span class='ocrx_word' id='word_1_290' title='bbox 813 3351 1141 3450; x_wconf 89' lang='lat' dir='ltr'>principio</span> <span class='ocrx_word' id='word_1_291' title='bbox 1201 3357 1389 3419; x_wconf 82' lang='lat' dir='ltr'>tanta</span> <span class='ocrx_word' id='word_1_292' title='bbox 1421 3344 1633 3419; x_wconf 85' lang='lat' dir='ltr'>moles</span> <span class='ocrx_word' id='word_1_293' title='bbox 1668 3338 1885 3417; x_wconf 77' lang='lat' dir='ltr'>subito</span> <span class='ocrx_word' id='word_1_294' title='bbox 1924 3347 2307 3440; x_wconf 87' lang='lat' dir='ltr'>congregari</span> <span class='ocrx_word' id='word_1_295' title='bbox 2332 3391 2355 3430; x_wconf 87' lang='lat'><strong>,</strong></span> <span class='ocrx_word' id='word_1_296' title='bbox 2421 3366 2498 3413; x_wconf 88' lang='lat' dir='ltr'>ac</span> <span class='ocrx_word' id='word_1_297' title='bbox 2533 3340 2752 3416; x_wconf 79' lang='lat' dir='ltr'>subito</span> 
     </span>
     <span class='ocr_line' id='line_1_33' title="bbox 307 3438 2478 3540; baseline -0.011 -11"><span class='ocrx_word' id='word_1_298' title='bbox 307 3461 570 3529; x_wconf 85' lang='lat' dir='ltr'>iterum</span> <span class='ocrx_word' id='word_1_299' title='bbox 594 3443 889 3533; x_wconf 82' lang='lat' dir='ltr'>diffolvi,</span> <span class='ocrx_word' id='word_1_300' title='bbox 925 3474 1110 3521; x_wconf 84' lang='lat' dir='ltr'>exem</span> <span class='ocrx_word' id='word_1_301' title='bbox 1160 3447 1229 3519; x_wconf 92' lang='lat' dir='ltr'>lo</span> <span class='ocrx_word' id='word_1_302' title='bbox 1254 3446 1558 3520; x_wconf 81' lang='lat' dir='ltr'>nubium.</span> <span class='ocrx_word' id='word_1_303' title='bbox 1600 3447 1825 3540; x_wconf 86' lang='lat' dir='ltr'>1·Reg.</span> <span class='ocrx_word' id='word_1_304' title='bbox 1858 3444 1961 3509; x_wconf 85' lang='lat'>18.</span> <span class='ocrx_word' id='word_1_305' title='bbox 1988 3438 2103 3512; x_wconf 89' lang='lat' dir='ltr'>fin.</span> <span class='ocrx_word' id='word_1_306' title='bbox 2391 3509 2398 3514; x_wconf 73' lang='grc'>,</span> <span class='ocrx_word' id='word_1_307' title='bbox 2473 3517 2478 3524; x_wconf 41' lang='grc'><em>,</em></span> 
     </span>
    </p>

    <p class='ocr_par' dir='ltr' id='par_1_13' title="bbox 303 3535 2757 3949">
     <span class='ocr_line' id='line_1_34' title="bbox 429 3535 2757 3648; baseline -0.004 -26"><span class='ocrx_word' id='word_1_308' title='bbox 429 3563 477 3622; x_wconf 89' lang='lat'>6</span> <span class='ocrx_word' id='word_1_309' title='bbox 489 3577 524 3621; x_wconf 91' lang='lat'><em>2</em></span> <span class='ocrx_word' id='word_1_310' title='bbox 544 3575 602 3621; x_wconf 87' lang='lat'>1.</span> <span class='ocrx_word' id='word_1_311' title='bbox 658 3547 1090 3648; x_wconf 83' lang='lat' dir='ltr'>Qemadmo</span> <span class='ocrx_word' id='word_1_312' title='bbox 1144 3574 1258 3618; x_wconf 89' lang='lat' dir='ltr'>um</span> <span class='ocrx_word' id='word_1_313' title='bbox 1287 3550 1464 3617; x_wconf 87' lang='lat' dir='ltr'>enim</span> <span class='ocrx_word' id='word_1_314' title='bbox 1480 3540 1686 3614; x_wconf 85' lang='lat' dir='ltr'>nubes</span> <span class='ocrx_word' id='word_1_315' title='bbox 1710 3549 1777 3613; x_wconf 91' lang='lat'>&amp;</span> <span class='ocrx_word' id='word_1_316' title='bbox 1793 3535 1957 3638; x_wconf 84' lang='lat' dir='ltr'>fumi</span> <span class='ocrx_word' id='word_1_317' title='bbox 1977 3539 2337 3639; x_wconf 85' lang='lat' dir='ltr'>aliquando</span> <span class='ocrx_word' id='word_1_318' title='bbox 2356 3539 2390 3611; x_wconf 66' lang='lat' dir='ltr'>a</span> <span class='ocrx_word' id='word_1_319' title='bbox 2406 3545 2615 3617; x_wconf 78' lang='lat' dir='ltr'>ventis</span> <span class='ocrx_word' id='word_1_320' title='bbox 2631 3538 2757 3612; x_wconf 76' lang='lat' dir='ltr'>dis-</span> 
     </span>
     <span class='ocr_line' id='line_1_35' title="bbox 307 3635 2755 3755; baseline -0.006 -28"><span class='ocrx_word' id='word_1_321' title='bbox 307 3649 649 3755; x_wconf 76' lang='lat' dir='ltr'>fipantur,</span> <span class='ocrx_word' id='word_1_322' title='bbox 683 3659 755 3720; x_wconf 84' lang='lat'>&amp;</span> <span class='ocrx_word' id='word_1_323' title='bbox 785 3644 1006 3746; x_wconf 80' lang='lat' dir='ltr'>spuma</span> <span class='ocrx_word' id='word_1_324' title='bbox 1041 3649 1075 3721; x_wconf 79' lang='grc' dir='ltr'>Ξι</span> <span class='ocrx_word' id='word_1_325' title='bbox 1114 3647 1373 3744; x_wconf 88' lang='lat' dir='ltr'>liquore</span> <span class='ocrx_word' id='word_1_326' title='bbox 1406 3642 1644 3716; x_wconf 79' lang='lat' dir='ltr'>diutiu‘s</span> <span class='ocrx_word' id='word_1_327' title='bbox 1676 3635 2060 3714; x_wconf 88' lang='lat' dir='ltr'>ebulliendo</span> <span class='ocrx_word' id='word_1_328' title='bbox 2083 3636 2448 3714; x_wconf 86' lang='lat' dir='ltr'>resorbetur</span> <span class='ocrx_word' id='word_1_329' title='bbox 2471 3649 2543 3724; x_wconf 68' lang='grc' dir='ltr'>βε</span> <span class='ocrx_word' id='word_1_330' title='bbox 2567 3637 2755 3714; x_wconf 85' lang='lat' dir='ltr'>absu-</span> 
     </span>
     <span class='ocr_line' id='line_1_36' title="bbox 304 3735 2756 3845; baseline -0.007 -17"><span class='ocrx_word' id='word_1_331' title='bbox 304 3761 532 3828; x_wconf 85' lang='lat' dir='ltr'>mitur</span> <span class='ocrx_word' id='word_1_332' title='bbox 560 3777 579 3820; x_wconf 84' lang='lat'>:</span> <span class='ocrx_word' id='word_1_333' title='bbox 629 3754 720 3819; x_wconf 90' lang='lat' dir='ltr'>ita</span> <span class='ocrx_word' id='word_1_334' title='bbox 754 3749 1023 3820; x_wconf 84' lang='lat' dir='ltr'>maculae</span> <span class='ocrx_word' id='word_1_335' title='bbox 1050 3746 1379 3819; x_wconf 87' lang='lat' dir='ltr'>interdum</span> <span class='ocrx_word' id='word_1_336' title='bbox 1409 3749 1655 3845; x_wconf 87' lang='lat' dir='ltr'>partim</span> <span class='ocrx_word' id='word_1_337' title='bbox 1693 3761 2043 3813; x_wconf 82' lang='lat' dir='ltr'>attenuatae</span> <span class='ocrx_word' id='word_1_338' title='bbox 2072 3735 2508 3816; x_wconf 88' lang='lat' dir='ltr'>refunduntur</span> <span class='ocrx_word' id='word_1_339' title='bbox 2529 3748 2595 3813; x_wconf 85' lang='lat' dir='ltr'>in</span> <span class='ocrx_word' id='word_1_340' title='bbox 2629 3746 2756 3812; x_wconf 88' lang='lat' dir='ltr'>So-</span> 
     </span>
     <span class='ocr_line' id='line_1_37' title="bbox 303 3836 2581 3949; baseline -0.008 -20"><span class='ocrx_word' id='word_1_341' title='bbox 303 3856 489 3930; x_wconf 79' lang='lat' dir='ltr'>lem,</span> <span class='ocrx_word' id='word_1_342' title='bbox 511 3852 751 3949; x_wconf 87' lang='lat' dir='ltr'>partim</span> <span class='ocrx_word' id='word_1_343' title='bbox 773 3872 887 3947; x_wconf 89' lang='lat' dir='ltr'>per</span> <span class='ocrx_word' id='word_1_344' title='bbox 907 3846 1181 3920; x_wconf 84' lang='lat' dir='ltr'>Coelum</span> <span class='ocrx_word' id='word_1_345' title='bbox 1204 3850 1491 3918; x_wconf 83' lang='lat' dir='ltr'>vicinum</span> <span class='ocrx_word' id='word_1_346' title='bbox 1518 3839 1993 3942; x_wconf 82' lang='lat' dir='ltr'>disperguntur.</span> <span class='ocrx_word' id='word_1_347' title='bbox 2044 3836 2302 3918; x_wconf 82' lang='lat' dir='ltr'>Confer</span> <span class='ocrx_word' id='word_1_348' title='bbox 2322 3840 2385 3939; x_wconf 90' lang='lat'>§.</span> <span class='ocrx_word' id='word_1_349' title='bbox 2414 3864 2441 3911; x_wconf 88' lang='lat'>1</span> <span class='ocrx_word' id='word_1_350' title='bbox 2460 3851 2581 3910; x_wconf 87' lang='lat'>26.</span> 
     </span>
    </p>

    <p class='ocr_par' dir='ltr' id='par_1_14' title="bbox 409 3930 2762 4046">
     <span class='ocr_line' id='line_1_38' title="bbox 409 3930 2762 4046; baseline -0.011 -19"><span class='ocrx_word' id='word_1_351' title='bbox 409 3962 467 4027; x_wconf 90' lang='lat'>6</span> <span class='ocrx_word' id='word_1_352' title='bbox 480 3977 514 4023; x_wconf 83' lang='lat'><em>2</em></span> <span class='ocrx_word' id='word_1_353' title='bbox 529 3977 591 4024; x_wconf 86' lang='lat'>2.</span> <span class='ocrx_word' id='word_1_354' title='bbox 647 3953 772 4021; x_wconf 79' lang='lat' dir='ltr'>Hae</span> <span class='ocrx_word' id='word_1_355' title='bbox 796 3948 1187 4046; x_wconf 84' lang='lat' dir='ltr'>posteriores</span> <span class='ocrx_word' id='word_1_356' title='bbox 1208 3944 1664 4030; x_wconf 64' lang='lat' dir='ltr'>dissolutarum</span> <span class='ocrx_word' id='word_1_357' title='bbox 1684 3937 2088 4042; x_wconf 65' lang='lat' dir='ltr'>macularum</span> <span class='ocrx_word' id='word_1_358' title='bbox 2115 3935 2450 4041; x_wconf 85' lang='lat' dir='ltr'>particulae</span> <span class='ocrx_word' id='word_1_359' title='bbox 2469 3988 2493 4023; x_wconf 89' lang='lat'>,</span> <span class='ocrx_word' id='word_1_360' title='bbox 2531 3935 2576 4008; x_wconf 84' lang='lat' dir='ltr'>fi</span> <span class='ocrx_word' id='word_1_361' title='bbox 2600 3930 2762 4009; x_wconf 84' lang='lat' dir='ltr'>cras-</span> 
     </span>
    </p>
   </div>
   <div class='ocr_carea' id='block_1_4' title="bbox 2567 4033 2896 4120">
    <p class='ocr_par' dir='ltr' id='par_1_15' title="bbox 2567 4033 2896 4120">
     <span class='ocr_line' id='line_1_39' title="bbox 2567 4033 2896 4120; baseline -0.033 -17"><span class='ocrx_word' id='word_1_362' title='bbox 2567 4033 2761 4120; x_wconf 64' lang='lat' dir='ltr'>fiorqs</span> <span class='ocrx_word' id='word_1_363' title='bbox 2889 4071 2896 4073; x_wconf 57' lang='lat'><strong>&gt;</strong></span> 
     </span>
    </p>
   </div>
  </div>
 </body>
</html>
