3391 4418
595 143 741 258 178
1240 139 2412 228 Dis-'rursrros

1384 332 1467 414 D
1530 358 1786 420 184⁵.
1904 325 2170 419 Xlx.

689 488 949 568 Prima
966 484 1086 564 lex
1105 501 1379 562 natura
1398 509 1431 562 ε.
1452 481 1638 593 quod
1651 483 2087 591 unaquaque
2109 504 2226 558 res
2243 497 2602 587 quantum
2611 475 2776 587 inst
2788 479 2894 588 (st
2913 544 2935 576 ,

806 601 1098 709 semper
1129 601 1207 674 in
1228 595 1463 676 collem
1476 588 2087 709 statuperfi'veret
2101 636 2132 693 3
2142 591 2382 705 sicque
2398 591 2815 702 quodsemel

1206 731 1544 791 movetur
1562 777 1580 808 ,
1602 710 1886 823 semper
1900 714 2176 790 moveri
2178 729 2463 820 pergat.

610 891 672 938 r.
869 859 1102 927 Gimus
1136 852 1218 924 de
1238 849 1418 924 caula
1433 874 1650 923 motus
1664 848 1937 921 universi
1951 846 2276 922 efficiente
2295 901 2317 933 ‚
2353 850 2660 947 primaria
2681 855 2752 922 &
2767 843 3051 920 univer-.

847 953 1017 1026 ‚salit
1039 977 1213 1025 nunc·
1245 950 1574 1054 agendum
1609 951 1701 1022 est
1729 947 1812 1022 de
1831 947 2034 1022 eaufis
2054 947 2450 1049 singulorum
2481 972 2786 1020 motuum
2807 948 3045 1020 secun-

604 1061 794 1140 dariis
832 1064 902 1127 &
934 1051 1429 1153 particularibus
1450 1096 1476 1129 ³
1518 1077 1682 1148 quas
1701 1053 1938 1144 Regula
1962 1049 2201 1150 Physica
2225 1050 2327 1121 vel
2347 1061 2408 1118 N
2413 1068 2584 1119 atum
2601 1052 2740 1141 leges
2753 1045 3056 1121 solemus,

502 1237 507 1243 ,
607 1156 955 1262 appellare.
1017 1154 1121 1224 Est
1158 1160 1271 1252 qui
1304 1151 1413 1224 hic
1447 1151 1703 1224 nodum
1729 1154 1812 1221 in·
1827 1145 2031 1250 scirpo
2058 1173 2299 1248 quaerat
2319 1201 2341 1233 ‚
2375 1147 2564 1246 quod
2581 1148 2750 1248 leges
2774 1152 3054 1221 tantum.

604 1261 729 1336 fint
743 1253 941 1331 caufie
954 1255 1237 1326 morales
1251 1307 1273 1336 ,
1313 1278 1463 1352 quae
1480 1257 1806 1352 imperant
1826 1272 1849 1330 ‘‚
1882 1274 2023 1323 non
2043 1248 2368 1334 efficiunt,
2407 1275 2554 1346 quae
2573 1254 2851 1320 materiae
2868 1301 2891 1336 ‚
2924 1272 3038 1322 ut-

604 1385 766 1466 pote
786 1359 1058 1430 rationis
1073 1358 1314 1455 experti
1335 1407 1358 1440 ,
1383 1349 1543 1425 -ferri
1567 1378 1705 1425 non
1723 1347 1982 1453 poffunt
1996 1403 2033 1437 ,.
2058 1359 2193 1424 &a
2247 1345 2747 1450 Resp.fatemur
2761 1355 3056 1421 nomina.

605 1460 800 1536 rebus
822 1483 960 1529 non
970 1451 1228 1557 semper
1243 1455 1539 1528 accurate
1556 1451 1949 1554 respondere
1966 1496 1990 1532 ,
2022 1457 2116 1524 uti
2133 1455 2204 1523 in
2223 1448 2669 1550 hoeexemplo
2688 1448 2910 1523 videre
2925 1451 3040 1523 est.

609 1565 795 1635 Nam
824 1554 1225 1630 vocabulum
1259 1555 1414 1659 legis
1449 1557 1484 1628 ὲ
1521 1553 1716 1627 rebus
1749 1551 2263 1653 intelligentibus
2287 1549 2376 1624 ad
2421 1577 2774 1651 corporeas
2792 1553 2885 1622 est
2912 1577 3047 1625 tra·

611 1661 886 1734 ductum
906 1709 928 1744 ,
956 1654 1530 1755 quemadmodum
1549 1660 1688 1727 vice
1709 1650 1882 1724 versa
1897 1652 2262 1750 aliquando
2278 1651 2524 1727 arcbus
2541 1658 2879 1751 corporeis
2901 1678 3053 1725 me·

613 1758 910 1861 taphorae
932 1755 1350 1829 desumuntur
1373 1752 1459 1825 ad
1477 1780 1576 1834 ea,
1598 1778 1741 1852 quae
1757 1749 1896 1824 sunt
1910 1777 2127 1824 rerum
2147 1751 2349 1827 intelli
2397 1759 2570 1828 entia
2588 1750 3056 1855 ptaeditarum‚.

612 1858 1059 1963 exprimenda.
1110 1863 1206 1929 At
1244 1879 1556 1955 negamus
1597 1878 1726 1926 uos
1761 1850 2036 1925 meliora
2055 1861 2329 1926 nomina
2345 1780 2595 1955 semper
2612 1850 2793 1956 polle
2815 1851 3054 1927 substi-

610 1986 793 2036 tuere
808 2013 830 2044 ‚
865 1982 1013 2033 aut,
1039 1952 1446 2055 sipoffimus,
1465 1952 1864 2054 negamusid
1885 1951 2080 2025 nobis
2101 1954 2224 2027 ess'e
2247 1960 2572 2057 integrum
2592 2008 2614 2042 ,
2653 1955 2807 2027 curn
2821 1957 3061 2057 longo·

611 2057 725 2134 usu
750 2080 1012 2156 recepta
1042 2051 1185 2127 sunt
1220 2051 1634 2153 Philosophis
1654 2060 2005 2126 &ratione
2024 2055 2322 2152 quadam.
2341 2061 2663 2128 nituntur.
2721 2054 2913 2127 Nihil
2924 2081 3044 2128 au·

611 2183 750 2233 tem
766 2155 1052 2231 usitatius
1076 2152 1341 2227 Philoso
1392 2152 1492 2227 his
1508 2207 1533 2241 ‚
1547 2159 1747 2229 etiam
1759 2154 1937 2230 ⁴caste
1956 2155 2388 2253 loquentibus
2402 2207 2423 2241 ,
2441 2157 2926 2256 quarn-Naturae
2943 2158 3052 2229 le-

612 2286 726 2363 ges
742 2254 1090 2358 appellare.
1139 2261 1238 2327 Ita
1250 2181 1387 2352 Jui³
1405 2252 1571 2331 Caes.
1585 2254 1898 2357 Scaliger,
1915 2259 2101 2329 Exer.
2132 2257 2217 2331 de
2235 2255 2448 2331 subtil.
2470 2285 2590 2355 77.
2611 2255 2765 2331 sect.
2793 2286 2854 2331 2.
2908 2272 3059 2331 Ne·-

608 2384 719 2455 que
737 2364 891 2430 enim
902 2409 927 2444 ,
964 2363 1053 2429 ait
1068 2405 1091 2443 ,
1117 2356 1406 2453 quasupra
1420 2368 1656 2427 Natura
1671 2361 1817 2452 leges
1818 2357 1956 2453 [ant
1974 2410 1996 2442 ‚
2017 2381 2089 2427 ex
2107 2370 2345 2430 Natura
2361 2359 2893 2457 legibusjudicanda
2909 2383 3055 2431 cen-

599 2461 718 2559 seo.
770 2462 857 2531 Et
868 2461 981 2531 Exr
1008 2464 1165 2554 244.
1183 2453 1331 2530 seer.
1357 2482 1433 2527 ι»
1473 2468 1673 2527 Tanta.
1689 2458 1994 2551 prudentia
2011 2502 2050 2537 ,,
2071 2458 2540 2556 tantasapientiae
2564 2463 2627 2553 in
2643 2463 3048 2553 Naturategi·

613 2563 707 2633 lm
742 2558 995 2655 eluceftit
1012 2609 1035 2638 ,
1064 2579 1131 2630 ut
1159 2561 1335 2630 etiam
1372 2555 1567 2652 desides
1597 2560 1789 2651 rapiat
1819 2560 2036 2629 animos
2066 2558 2246 2656 adfici
2269 2560 2825 2653 contemplationem.
2853 2564 3063 2659 'Q-

616 2658 1248 2738 verbaideo·-citavi·‚
1281 2652 2020 2828 utindeintellipamus,
2062 2685 2140 2731 ex
2155 2657 2427 2762 regulis,
2473 2682 2634 2757 quas
2653 2657 3058 2758 produClzurie.

613 2759 827 2834 fiimus
841 2765 910 2831 in
929 2756 1343 2857 sequentibus
1358 2811 1378 2840 ,
1412 2784 1512 2831 res
1530 2782 1757 2830 natura
1786 2784 1854 2831 es
1867 2804 1887 2841 ,
1907 2784 2048 2832 non
2064 2759 2567 2863 supernaturales
2586 2761 2707 2834 ess'e
2729 2760 3049 2845 aestiman4

616 2859 766 2943 das3
790 2884 866 2930 ac
886 2859 1154 2941 deinde,
1173 2855 1550 2955 sapientiam
1566 2859 1906 2930 Creatoris
1922 2857 2306 2963 singularem
2324 2886 2404 2933 ex·
2417 2860 2542 2935 illis«
2555 2859 2834 2947 elucere,
2876 2867 3066 2936 Sunt

617 2958 757 3031 aliae
795 2954 1027 3028 similes
1050 2952 1457 3054 metaphorae
1480 3010 1501 3039 ‚
1530 2955 1775 3054 quibus
1789 2960 2060 3032 Naturae
2077 2960 2290 3064 elogia
2311 2960 2538 3063 paffim
2558 2957 2730 3035 ascri
2784 2961 3062 3036 toribus¹

617 3053 1121 3141 describuntur,
1140 3078 1214 3126 ut
1253 3059 1407 3128 cum
1447 3056 1703 3128 Natura
1733 3058 2029 3132 statuitur
2046 3056 2296 3161 semper
2317 3061 2562 3134 eodem
2582 2989 2797 3135 morib
2816 3089 3008 3165 agere
3022 3115 3048 3149 ,

620 3167 689 3232 δε
714 3162 986 3228 retinere
1007 3163 1145 3251 jura
1161 3150 1268 3226 sua
1291 3209 1307 3235 ‚
1348 3179 1571 3227 necea
1598 3178 1849 3229 mutare
1870 3211 1889 3245 ,
1925 3184 2061 3232 non
2083 3160 2413 3234 abundare
2427 3166 2495 3233 in
2519 3160 3046 3281 superflum-nee

620 3255 904 3329 deficere
933 3261 1000 3325 in
1015 3251 1375 3328 neceffiriis
1391 3309 1413 3341 ‚
1453 3262 1893 3356 proportione
1916 3266 2340 3333 Geometrica
2353 3262 2456 3353 jus
2469 3259 2510 3331 s
2497 3288 2654 3336 uum
2677 3267 2915 3363 cuique
2931 3270 3050 3338 tri-

509 3380 515 3393 ·
624 3356 857 3439 buere‚
884 3363 1017 3429 &a
1063 3355 1291 3427 'Causa
1312 3354 1747 3451 autemhujus
1766 3358 2223 3459 appellationis
2259 3364 2556 3451 (Naturae
2573 3362 2832 3464 legum)
2871 3367 3048 3438 estin

616 3453 1006 3560 propatulo·
1055 3454 1869 3554 Qmadmodumenim
1906 3454 2364 3534 rebus-ratione
2380 3461 2662 3563 praeditis
2682 3465 3070 3568 Deusleges-

620 3554 937 3658 imposuit
956 3556 1258 3643 morales,
1278 3582 1437 3654 quas
1452 3554 1866 3631 observando
1892 3556 2059 3632 bene
2077 3586 2280 3673 agunt
2294 3618 2317 3651 ,
2339 3560 2875 3667 transgrediendo
2940 3591 3055 3639 ec-

619 3677 773 3729 eant
789 3662 929 3735 :lita
950 3655 1157 3729 voluit
1176 3684 1278 3729 res
1295 3682 1528 3732 omnes
1545 3659 1869 3732 naturales
1887 3685 2073 3735 certo
2097 3666 2350 3766 semper
2365 3664 2603 3738 ordine
2617 3721 2639 3750 ,
2678 3672 2869 3741 certis
2887 3596 3054 3769 legi-

620 3754 742 3831 bus
770 3762 1022 3829 moveri
1058 3782 1135 3830 ac
1158 3758 1490 3856 quiescere
1514 3811 1537 3846 ,
1578 3786 1739 3859 quas
1771 3761 2046 3859 quidem
2081 3762 2256 3865 leges
2293 3764 2440 3864 ipsae
2473 3764 2605 3840 illa
2637 3793 2774 3854 res,
2812 3774 3076 3870 utpote

619 3854 815 3930 caulae
834 3855 1193 3932 neceffariae
1209 3913 1230 3946 ,
1262 3885 1399 3931 non
1413 3856 1679 3961 possunt
1701 3886 1838 3933 non
1861 3860 2225 3937 observare.
2257 3867 2412 3936 Nec
2423 3862 2565 3937 lane
2581 3866 2759 3938 aliud
2778 3866 2907 3940 Fa'tn'
2924 3895 3057 3940 no-

620 3962 803 4035 mine
825 3957 1273 4063 intelligimus,
1292 3985 1495 4062 quam
1509 3959 1842 4040 caularum
1858 3963 2234 4065 naturaliter
2247 3970 2581 4068 agentium
2601 3962 2826 4064 seriem
2851 4021 2872 4055 ,
2888 3993 3065 4066 quag-

2873 4093 3064 4147 tenus
