3391 4418
569 154 731 267 386
1044 134 2529 233 Conroarsz‘rAnruse

567 272 732 344 stete
752 316 777 352 ‚
808 259 929 338 Ph.
956 264 1130 359 387.
1149 254 1298 357 sqq.
1317 260 1487 354 458.
1544 258 1635 325 ita
1663 256 1992 325 minorem
2029 247 2366 323 Mundum
2405 247 2666 321 infinita
2704 252 3005 332 multitu:

571 368 726 443 dine
746 372 818 437 δε
838 366 1148 435 varietate
1167 362 1454 460 partium
1471 377 1669 453 atque
1689 357 1956 427 actuum
1970 354 2329 423 exornavit.
2365 345 2626 424 Theor.
2646 357 2811 429 viv.
2829 359 2896 430 8.

677 490 788 541 21.
821 470 929 539 Sic
952 462 1371 532 instrumenta
1392 453 1644 562 Mufifa
1660 454 1799 555 quo
1815 448 2111 554 pluribus
2128 446 2489 550 disparibus
2507 452 2813 534 chordiss
2831 455 3009 529 fistu-

572 571 688 655 lis,
730 560 996 663 aliistJue
1026 557 1319 659 partibus
1341 556 1639 628 constant
1657 609 1681 643 ,
1720 557 1805 627 eo
1824 552 2075 645 majore
2095 574 2320 624 cantus
2343 556 2655 626 varietate
2673 554 3009 630 auditores

565 664 887 743 deleam
919 687 997 734 ac
1023 656 1264 735 Musici
1297 661 1530 757 peritia
1563 654 1995 729 demonstrari
2024 652 2267 751 potest.
2310 649 2605 728 Ridetur
2639 680 2865 728 autem
2889 661 3008 758 qui

575 764 834 841 chorda
865 761 1115 861 semper
1139 758 1373 833 eadem
1398 754 1688 829 oberrat.

681 892 799 941 ιιι
850 862 1197 937 Postremo
1232 857 1605 931 notandum
1627 910 1650 943 ,
1677 853 1868 957 quod
1900 860 2116 952 major
2143 852 2361 928 adhuc
2397 852 2755 928 multitudo
2791 879 2868 926 ac
2890 880 3012 928 va-

575 973 775 1041 rietas
805 964 1347 1061 conjunctionem
1367 962 1570 1030 animi
1603 964 1677 1031 &
1694 962 1995 1057 corporis
2011 960 2080 1025 in
2143 980 2332 1027 enere
2354 949 2653 1028 humano
2668 952 3013 1028 condeco-

581 1090 683 1143 ret
701 1119 724 1152 ,
763 1063 924 1136 dum
944 1060 1052 1134 illa
1074 1058 1375 1131 membra
1393 1083 1539 1156 quae
1554 1056 1756 1157 vulgo
1777 1063 1843 1128 in
1860 1056 1999 1128 aliis
2015 982 2371 1128 individuis
2389 1078 2605 1129 certos
2624 1061 2805 1129 actus
2822 1080 3010 1127 exer-

579 1191 730 1241 cere
771 1190 911 1236 non
941 1158 1195 1247 solent,
1233 1163 1302 1232 in
1330 1157 1468 1230 aliis
1502 1162 1578 1229 iis
1609 1156 1981 1231 exercendis
2015 1152 2369 1229 assuescunt
2406 1164 2474 1229 δι
2499 1160 2703 1228 animi
2720 1158 3005 1255 imperio

433 1338 438 1343 .
578 1259 1000 1344 satisfaciunt.

583 1432 594 1441 .
682 1394 724 1441 2
740 1394 769 1459 3
784 1420 802 1441 .
852 1370 953 1437 Ita
971 1358 1252 1435 vidimus
1268 1360 1380 1460 qui
1399 1354 1573 1459 pede
1587 1356 1802 1430 literas
1823 1361 1894 1428 δι
1912 1353 2150 1457 figuras
2165 1354 2604 1471 elegantiores
2618 1362 2962 1460 pingerent
2978 1392 3009 1435 a·

576 1466 788 1569 quam
805 1463 1100 1566 plerique
1120 1460 1225 1535 alii
1243 1461 1550 1533 homines
1576 1483 1776 1530 manu
1793 1454 2120 1527 delineare
2142 1460 2428 1555 possunt.

678 1590 794 1663 24.
844 1569 1001 1640 Huc
1037 1557 1282 1633 faciunt
1311 1558 1612 1659 exempla
1637 1564 1811 1633 varia
1847 1552 2159 1628 mirandae
2193 1554 2531 1655 cujusdam
2562 1582 2802 1632 naturae
2821 1584 3009 1631 com-

580 1667 1023 1771 pensationis,
1058 1686 1207 1761 quae
1245 1658 1425 1761 apud
1465 1663 1924 1733 Camerarium
1965 1660 2104 1754 Op.
2125 1652 2302 1730 subc.
2318 1656 2622 1756 pluribus
2641 1658 2809 1735 locis
2831 1666 3013 1732 inve-

584 1774 751 1842 nias-
804 1767 988 1840 Nam
1009 1815 1035 1847 ,
1068 1785 1140 1835 ut
1167 1759 1338 1833 illius
1364 1761 1689 1860 scriptoris
1725 1751 1939 1831 verbis
1978 1778 2161 1843 utar,
2211 1761 2548 1833 Creatoris
2586 1766 2754 1833 mira
2784 1761 3020 1860 provi-

585 1867 812 1941 dentia
855 1893 933 1939 ac
971 1858 1349 1935 sollicitudo
1384 1860 1640 1930 membris
1670 1853 1905 1951 distortis
1939 1857 2031 1927 vel
2059 1859 2335 1927 mutilatis
2369 1879 2475 1931 aut
2505 1861 2810 1931 debilitatis
2853 1912 2877 1946 ‚
2922 1860 3019 1933 vel

579 1971 768 2042 etiam
793 1971 1017 2038 omnino
1051 1959 1421 2055 deficientibus
1439 2006 1459 2034 ,
1485 1958 1805 2050 plerumque
1834 1955 1961 2025 aliia
1980 1954 2233 2026 membris
2245 1958 2610 2051 pretersaum
2623 1958 2859 2053 officium
2872 2002 2905 2035 ,
2935 1959 3020 2028 ad

581 2066 734 2159 quod
760 2060 1041 2157 destinata
1073 2058 1212 2153 sunt
1241 2110 1264 2142 ,
1311 2059 1429 2125 tale
1468 2056 1631 2125 robur
1660 2055 1735 2130 ό·
1769 2054 2179 2125 dexteritatem
2209 2080 2283 2130 ex
2318 2058 2583 2128 diuturna
2613 2057 3024 2151 cotfiaetudine

571 2163 901 2263 fitppeditaet
919 2212 954 2245 ,
975 2178 1040 2231 ut
1066 2157 1258 2238 dicere,
1270 2157 1471 2248 aliquis
1481 2156 1640 2248 possit
1656 2196 1682 2233 a
1708 2175 1815 2222 non
1833 2157 1890 2226 in
1907 2149 2254 2247 amineum
2270 2157 2629 2229 membrorum
2648 2203 2673 2239 ,
2689 2153 2788 2250 [ἑά
2801 2155 2860 2224 in
2875 2163 3019 2225 coit-

582 2259 851 2356 timtoufia
863 2257 1252 2355 perfectionem
1265 2250 1560 2351 confistete.
1591 2255 1747 2327 Nos
1762 2251 2074 2351 equidem
2096 2279 2436 2357 utramque
2454 2256 2638 2331 istam
2653 2249 3036 2354 perfestioe

592 2384 751 2434 nem
781 2357 869 2431 ad
907 2357 1210 2458 eorporis
1236 2362 1307 2427 δε
1343 2357 1549 2425 animi
1585 2359 2132 2452 conjunctionem
2167 2355 2406 2434 referre
2431 2381 2573 2430 non
2593 2353 2971 2429 dubitamus
2989 2406 3015 2443 ‚

643 2465 895 2534 uamvis
928 2457 1362 2560 posteriorem
1400 2459 1735 2554 potiorem
1769 2453 1892 2534 effe
1926 2453 2629 2534 minimeinficiemur.
2697 2454 3017 2557 Exempla

587 2487 881 2664 {ecialia
913 2553 1219 2659 quaedam
1237 2555 1537 2657 leguntur
1552 2559 1623 2627 in
1639 2554 1888 2628 Theor.
1911 2561 2059 2640 Viv.
2087 2565 2251 2651 528.
2276 2560 2366 2634 88
2372 2587 2428 2657 3.
2448 2584 2607 2658 930.

691 2683 811 2757 25.
856 2656 1171 2735 Roscium
1195 2654 1613 2732 Comoedum
1631 2662 1697 2730 in
1721 2680 1857 2730 arte
1874 2653 2007 2742 sua,
2026 2684 2155 2755 qua
2174 2686 2275 2732 res
2288 2661 2492 2761 gestas
2516 2667 2581 2732 &
2606 2683 2831 2740 mores
2850 2657 3025 2732 alio·-

586 2785 742 2842 rum
768 2764 936 2834 mira
963 2756 1451 2861 gesticulatione
1479 2755 1564 2834 ad
1603 2762 1826 2830 vivum
1857 2761 1925 2826 in
1959 2753 2142 2844 scena
2168 2757 2616 2861 tepraescntate
2646 2757 2965 2831 didicerat
2982 2810 3019 2845 „

588 2854 679 2936 fic,
709 2857 1060 2931 excelluisse
1086 2855 1339 2939 ferunt,
1366 2880 1437 2927 ut
1472 2882 1628 2928 cum
1665 2861 1996 2931 Cicerone
2028 2881 2272 2931 certare
2312 2857 2494 2932 ausus
2514 2855 2630 2937 fit,
2668 2883 2811 2932 uter
2830 2862 3017 2933 Ora-

586 2962 849 3036 tionem
882 2955 1098 3057 fepius
1134 2960 1378 3030 variare
1410 2954 1664 3053 pollet,
1689 2957 1800 3027 hic
1832 2955 2083 3037 verbis,
2126 2985 2210 3031 an
2244 2958 2351 3031 ille
2385 2958 2697 3061 gestibus.
2759 2962 3007 3032 Cicero

583 3056 864 3155 quidem
892 3061 1222 3132 Oratione
1243 3078 1367 3153 pro
1399 3050 1638 3124 Archia
1675 3051 1759 3125 de
1790 3052 2039 3130 Roscio
2052 3056 2134 3133 fic
2158 3063 2487 3160 loquitur.-
2520 3064 2619 3153 qui
2638 3059 2765 3131 culm
2780 3057 3021 3158 effuse-.

585 3179 701 3236 mx
717 3177 992 3242 mertum,
995 3175 1203 3245 tamen
1209 3172 1434 3247 propter
1446 3155 1810 3243 excellentem
1826 3176 2011 3232 artem
2029 3184 2097 3236 ac
2111 3159 2461 3258 venustatem
2481 3161 2774 3238 videbatur
2791 3162 3019 3235 omna

587 3255 736 3330 mori,
763 3277 870 3326 tum
888 3253 1139 3349 debmffe.
2408 3331 2433 3339 Α,

627 3399 632 3406 -
689 3356 805 3432 26,
857 3354 1014 3424 Huc
1030 3353 1786 3453 pertinent-illihomines
1807 3411 1828 3444 ,
1869 3360 2234 3458 quisinistra
2253 3360 2412 3435 illud
2432 3386 2748 3464 peragere
2767 3383 3012 3434 norunt

582 3451 774 3567 qu
790 3450 900 3524 alii
924 3451 1146 3525 dextra
1166 3455 1419 3527 tantum
1443 3485 1462 3540 ς
1486 3462 1647 3527 item
1663 3511 1685 3543 ,
1707 3464 1819 3557 qui
1846 3484 2191 3534 nummum
2212 3461 2407 3535 aliurn
2426 3460 2508 3535 ab
2528 3463 2665 3534 alio
2688 3465 2873 3533 tastu
2891 3456 3025 3534 dis-

586 3574 858 3664 cernunt
887 3561 1004 3646 (ut
1017 3560 1083 3624 in
1101 3560 1285 3630 caecis
1308 3553 1697 3654 quibusdam
1711 3552 2075 3659 observavi)
2105 3562 2291 3665 quod
2311 3587 2436 3645 nos
2453 3560 2703 3667 absque
2718 3556 2884 3641 visus
2897 3558 3032 3635 ad.

585 3651 910 3732 rumiculo
933 3681 1076 3744 non
1092 3653 1455 3758 poffumus.

2788 3869 3042 3939 Car·
