3391 4418
948 212 964 229 .
1025 228 1029 235 ,
1200 147 1291 239 Ῥ
1390 171 1473 231 -n
1587 171 1649 231 Y
1771 168 1810 229 s
1932 165 1969 235 ι
2091 167 2148 222 c
2262 164 2328 223 Α

575 195 783 361 ἕξις,
819 271 984 352 solet
1005 246 1453 370 quidem·ejus
1481 282 1747 351 motum
1769 254 1994 358 aliquo
2025 248 2229 354 usque
2248 249 2465 352 sequi3
2507 247 2619 326 sed
2653 266 3016 357 antequam

580 404 823 489 gyrum
840 382 1164 475 integrum
1179 358 1525 451 fecerinex
1541 388 1628 434 eo
1642 357 1889 459 evadit.
2181 372 2186 379 ’
2341 368 2352 376 ’

692 492 775 574 65
796 506 857 572 3.
908 476 1177 570 Nempe
1212 467 1507 539 Cometa
1538 463 1735 534 initio
1775 458 2054 562 quidem
2092 480 2234 530 non
2263 454 2484 557 potest
2510 480 2652 532 non
2679 453 3016 558 quodam-

594 578 814 660 modo
836 573 1017 676 sequi
1040 590 1302 643 motum
1321 565 1590 639 vorticis
1611 615 1634 648 ,
1665 562 1704 634 εὶ
1726 586 1864 660 quo
1877 558 2226 660 abripitur,
2256 558 2319 635 §-
2341 561 2427 630 28
2446 582 2502 647 3.
2609 629 2613 632 ⁴

676 712 681 718 ·
700 692 785 775 65
799 707 869 772 4.
914 668 1047 751 Sed
1061 672 1215 770 quia
1227 665 1370 778 plus
1385 666 1758 766 agitationis
1773 660 1980 735 habet
1997 710 2023 747 ‚
2061 682 2221 732 mox
2238 654 2396 731 inde:
2413 652 2578 732 abit.
2591 657 2650 757 §.
2678 685 2713 733 2
2730 682 2760 750 3
2779 683 2848 733 o.

702 793 871 877 655.
918 775 1019 850 Ut
1031 774 1206 846 navis
1220 759 1768 864 fortiterimpulsa
1780 786 2046 836 motum
2065 755 2338 858 quidem
2355 755 2540 832 fluvii
2567 756 2792 858 aliquo
2827 749 3025 860 usque

605 873 915 980 sequitur,
937 876 1227 946 attamen
1248 867 1400 940 inde
1418 863 1503 943 ad
1518 870 1730 965 ripam
1747 861 1989 936 evadit.
2009 864 2073 941 §.
2102 862 2267 954 284·

711 990 754 1049 6
765 1003 792 1079 5
809 991 876 1052 6.
924 982 1151 1075 Itaque
1196 972 1489 1044 Cometa
1541 960 1756 1037 modo
1805 961 1976 1036 hanc
2014 1004 2040 1040 ‚
2113 955 2329 1034 modo
2384 953 2563 1032 illam
2599 957 2781 1033 Coeli
2810 962 3034 1060 regio-

616 1104 809 1164 πεπυ,
1622 1148 1623 1151 ,
3153 1088 3166 1092 “

721 1189 766 1251 6
774 1201 891 1274 57.
942 1178 1046 1249 Ac
1066 1165 1279 1273 sarpius
1295 1193 1376 1241 ne
1392 1163 1679 1239 mediam
1700 1160 1970 1264 quidem
1983 1156 2162 1236 Coeli
2178 1181 2431 1257 partem
2442 1161 2757 1260 percurrit
2768 1210 2792 1242 ,

712 1291 799 1377 65
816 1286 881 1352 8.
929 1280 1114 1349 Dum
1135 1275 1170 1343 a
1200 1293 1432 1343 centro
1449 1270 1771 1340 remotior
1786 1270 1864 1339 in'
1879 1264 2288 1339 extremitate
2310 1264 2447 1357 ejus
2462 1280 2746 1362 vagatur.

716 1396 798 1475 65
817 1404 885 1468 9.
913 1380 1023 1548 bEt
1056 1378 1222 1446 intra
1240 1395 1490 1474 paucos
1507 1362 1756 1440 menies
1773 1362 1878 1443 vel
1896 1361 2035 1437 dies
2063 1361 2101 1435 εὶ
2129 1358 2495 1462 οοηΐρεᾶιι
2512 1357 2740 1433 nostro
2763 1355 2850 1432 ad
2864 1358 3037 1438 alios

548 1534 551 1537 >
614 1481 858 1558 *Coelos
879 1504 914 1549 a
967 1485 1032 1551 it.
1818 1475 1823 1479 '

719 1590 891 1651 660.
945 1580 1034 1646 Ex
1058 1572 1297 1671 q'uibus
1337 1567 1443 1644 vel
1473 1591 1747 1669 propter
1775 1561 2047 1636 nimiam
2078 1558 2444 1635 distantiam
2479 1555 2702 1631 radios
2739 1556 3034 1645 alienos,

622 1678 686 1779 §.
707 1701 876 1771 450.
894 1675 973 1745 ad
1001 1698 1126 1742 nos
1146 1672 1477 1741 reflectere
1500 1671 1746 1763 nequit.

638 1827 646 1832 -
715 1784 882 1847 661.
941 1774 1172 1861 (Licet
1207 1773 1360 1839 Fixae
1391 1763 1581 1835 stellae
1609 1755 1877 1863 propria
1914 1758 2058 1832 luce
2084 1755 2404 1861 fulgentes
2425 1756 2805 1833 continuati
2829 1764 3041 1836 vorti-

628 1901 780 1950 cum
793 1869 1117 1976 preffione
1141 1865 1635 1940 nosillurninare
1652 1856 1922 1963 poffint,
1949 1863 2013 1937 §.
2033 1866 2245 1954 567.)

729 1988 895 2051 662.
955 1970 1080 2047 Vel
1118 1973 1316 2041 etiam
1343 2019 1365 2051 ‚
1401 1971 1554 2064 quia
1584 1984 1841 2064 partem
1873 1960 2246 2032 illustratam
2277 1954 2465 2031 fideti
2483 1963 2786 2041 vorticis,
2820 1967 3045 2061 inquo

632 2071 935 2156 versatur,
952 2068 1267 2152 obvertit,
1288 2062 1582 2156 (Confer
1602 2070 1663 2147 §-
1685 2080 1827 2156 445
1842 2064 1885 2139 .)
2419 2105 2428 2112 -
2783 2118 2788 2127 .

731 2179 824 2248 66
842 2186 904 2263 3‘,
952 2171 1122 2242 Non
1141 2162 1402 2268 posshnt
1421 2160 1572 2237 inde
1597 2159 1766 2234 radii
1805 2164 2108 2244 Cometae
2127 2216 2146 2247 ,
2181 2176 2415 2263 utpote
2441 2183 2561 2262 per
2583 2184 2821 2265 corpus
2841 2158 3048 2240 lucidi
3167 2216 3172 2220 -

637 2268 884 2358 sideris,
899 2271 984 2343 ad
1000 2294 1123 2342 nos
1147 2271 1511 2343 transmitti.

739 2384 901 2469 664·
1040 2366 1182 2443 uod
1200 2370 1378 2441 enim
1398 2363 1501 2440 sua
1518 2364 1666 2437 luc‘e
1682 2364 1891 2439 radiat
1903 2357 2071 2436 fidus
2090 2404 2116 2440 ‚
2143 2358 2360 2448 alieno
2375 2357 2621 2436 lumine
2638 2362 3047 2465 pellucidum

639 2475 763 2553 effe
788 2480 1038 2575 nequit.
1104 2524 1119 2542 .
1139 2494 1310 2566 429.
1329 2464 1513 2566 seqq.

742 2583 834 2650 66
847 2600 877 2672 5
891 2628 909 2647 .
959 2577 1270 2645 Praeterea
1283 2591 1502 2640 comam
1520 2562 1620 2638 vel
1641 2566 1881 2636 cludam
1928 2560 2142 2656 (unde
2165 2586 2414 2635 nomen
2429 2565 2718 2662 accepit)
2757 2563 3054 2639 Cometa

638 2682 713 2750 -in
724 2698 908 2778 parte
923 2671 1132 2748 &sole
1150 2669 1359 2771 magis
1391 2662 1603 2742 averia
1623 2663 1819 2740 nobis
1839 2661 2104 2736 exhibet
2119 2718 2142 2752 ,

747 2786 915 2943 66d6.
967 2780 1197 2873 Qm
1215 2769 1260 2845 fi
1275 2776 1345 2843 in
1366 2791 1598 2843 omnes
1611 2790 1828 2865 partes
1847 2763 2206 2868 dispergere
2226 2762 2519 2840 videatur
2538 2806 2563 2843 ‚
2594 2766 2883 2838 Cometa
2895 2760 3057 2839 inde

646 2887 728 2944 Ro
755 2900 793 2943 a
874 2877 1079 2943 icitur.

722 2876 917 3059 s667.
968 2963 1178 3048 Causa
1212 2962 1399 3056 hujus
1435 2965 1854 3064 phaenomeni
1891 2987 1967 3035 ex
1996 2964 2382 3062 ropetitur,
2425 2960 2616 3059 quod
2647 2963 2904 3065 globuli
2931 2991 3059 3038 cae-

647 3068 832 3164 lestes
857 3124 876 3155 ,
925 3093 1046 3242 per
1073 3090 1240 3164 quos
1269 3060 1431 3137 radii
1472 3070 1988 3137 transmittuntur
2024 3105 2048 3143 a
2105 3087 2245 3133 uon
2284 3059 2560 3157 aequales
2601 3067 2848 3165 ubique
2886 3064 3056 3141 sunt.

543 3209 550 3216 ·
695 3223 705 3236 ·
734 3176 825 3243 60
845 3195 868 3238 t
884 3221 902 3240 .
950 3196 983 3241 e
1085 3219 1103 3238 .
1545 3225 1558 3240 .
2617 3164 2622 3169 ’

650 3170 691 3270 §
753 3279 791 3343 6
805 3271 912 3339 68.
968 3194 1101 3342 geli
1117 3266 1153 3337 εὶ
1167 3289 1349 3338 certo
1368 3260 1663 3364 quodam
1684 3264 1967 3330 termino
1989 3260 2367 3330 minuuntur
2385 3254 2581 3358 usque
2599 3261 2678 3332 ad
2704 3266 2954 3339 Solem.

749 3376 917 3456 669.
975 3368 1154 3442 Nam
1171 3365 1319 3437 inde
1339 3361 1620 3463 sequitur
1637 3416 1659 3448 ‚
1697 3358 1917 3432 radios
1934 3359 2196 3430 luminis
2213 3401 2233 3437 ‚
2258 3362 2372 3456 qui
2385 3383 2503 3458 per
2521 3370 2802 3461 majores
2813 3365 3061 3471 globu-

650 3468 752 3544 los
776 3470 1362 3547 communicantur,
1382 3470 1534 3537 cnm
1551 3461 1637 3534 ad
1654 3466 1939 3534 minores
1967 3456 2321 3532 deveniunt
2341 3507 2364 3543 ,

750 3581 915 3657 670.
968 3565 1135 3640 Non
1155 3562 1367 3638 modo
1393 3561 1748 3635 secundum
1769 3560 1971 3634 lineas
1999 3561 2197 3631 rectas
2259 3556 2520 3660 rogtedi
2541 3612 2564 3649 ,

754 3678 793 3742 6
806 3695 843 3756 7
864 3696 921 3743 1.
969 3662 1234 3764 Quibus
1252 3720 1276 3756 ,
1309 3671 1542 3767 utpote
1556 3667 1915 3767 praecipuis,
1938 3685 2178 3763 corpus
2196 3585 2301 3735 ευ
2317 3683 2510 3762 caput
2533 3665 2838 3737 Cometae
2856 3689 3064 3767 appa-

647 3789 781 3851 τοῖς

749 3874 838 3952 67
854 3891 918 3939 2.
969 3865 1217 3938 Verum
1231 3872 1426 3937 etiam
1442 3891 1517 3938 ex
1539 3883 1722 3964 parte
1743 3858 1828 3932 ad
1842 3857 2041 3931 latera
2058 3853 2320 3960 refringi
2346 3884 2423 3931 ac
2444 3855 2716 3959 dispergi
2732 3910 2763 3945 ,

746 3970 917 4055 673.
969 3961 1236 4065 Qbus
1268 3990 1340 4072 ut
1358 3962 1748 4040 secundariis
1782 3958 1980 4035 radiis
2000 4003 2022 4037 2
2064 3962 2268 4033 crines
2299 3963 2605 4036 Cometa:
2637 3956 3063 4056 exhibentur,

2945 4086 3066 4141 aut
