3391 4418
1013 109 2092 196 PHYSICAXV.
2640 144 2782 223 ¹57

355 256 527 305 terra
553 225 778 320 (cujus
802 220 880 297 sc.
899 250 1041 326 pars
1058 225 1147 295 est
1163 221 1377 295 homo
1395 268 1418 300 ‚
1445 229 1556 322 qui
1572 230 1629 295 ei
1645 220 1862 295 infistit
1886 274 1904 303 ,
1924 232 1947 305 )
1978 250 2176 321 quam
2197 228 2259 295 in
2278 229 2537 325 navigio
2564 231 2588 316 (
2612 235 2793 327 cujus

353 357 501 431 pars
519 336 654 428 jam
679 332 946 426 ponitur
966 324 1178 398 homo
1197 320 1240 403 ‚'
1254 326 1368 423 qui
1389 350 1539 394 cum
1557 351 1640 395 eo
1656 320 2052 397 transfertur.
2072 334 2101 416 )

467 456 576 501 10.
626 434 853 525 Itaque
887 423 930 497 fi
961 450 1220 498 motum
1238 424 1549 496 vellemus
1564 451 1685 524 per
1709 423 1766 494 se
1793 422 2137 523 &prorsus
2157 421 2450 498 absolute
2475 426 2777 502 conside-

355 555 494 602 rare
530 528 701 621 (hoc
722 527 813 596 est
828 582 849 612 ,
883 524 929 597 si
946 525 1258 599 vellemus
1275 523 1435 597 illud
1452 521 1657 597 solum
1679 531 2013 596 attendere
2033 578 2054 608 ‚
2088 525 2276 623 quod
2297 552 2515 609 revera
2535 535 2598 599 in
2622 555 2775 603 cor-

352 627 629 733 poribus
665 652 807 727 quae
846 652 1198 700 moventur
1232 630 1603 711 invenitur,
1642 636 1711 698 &
1735 650 2006 726 propter
2026 625 2479 722 quodmoveri
2501 635 2769 731 proprie

339 731 696 806 dicuntur,
735 735 990 825 quoties
1017 728 1153 799 duo
1178 752 1459 827 corpora
1474 731 1823 828 contigua,
1858 728 2363 811 nnuminhanc,
2400 728 2677 802 alterum
2698 735 2765 801 in

350 831 523 901 illam
558 853 807 929 partem
831 880 852 912 ,
891 823 1361 899 transferuntur
1385 878 1401 906 ,
1440 850 1638 925 atque
1675 832 1764 897 ita
1780 820 1820 898 ‘a
1842 824 1899 897 se
1924 851 2157 899 mutuo
2172 823 2579 926 separantur,
2618 854 2767 902 tan-

350 929 619 1003 tundem
661 938 882 1000 motus
916 933 988 997 in
1023 954 1161 997 uno
1187 981 1207 1013 ‚
1237 951 1552 1023 quantum
1578 933 1642 997 in
1669 926 1873 1000 altero
1889 926 2009 998 ess'e
2036 927 2426 999 diceremus,
2479 933 2582 998 Ex.
2602 957 2695 1029 gr.
2715 928 2761 1000 fi

347 1032 506 1132 lapis
542 1056 617 1102 ex
656 1052 827 1101 terra
860 1022 1214 1105 effoditur,
1249 1036 1317 1097 &
1353 1023 1481 1097 alio
1496 1024 1964 1127 transportatur
1986 1082 2005 1109 ,
2043 1049 2296 1098 tantum
2322 1029 2546 1119 motfis
2568 1070 2591 1102 ³
2630 1028 2762 1099 hoc

347 1132 437 1203 est
473 1129 913 1204 transsationis
945 1129 1012 1193 in
1047 1132 1078 1194 s
1119 1122 1178 1194 sa
1205 1148 1381 1204 ,terra
1400 1149 1541 1219 quae
1562 1124 2203 1227 separaturalapide‚
2245 1148 2564 1223 quantum
2583 1132 2649 1197 in
2667 1126 2762 1197 la-

346 1229 502 1332 pide
527 1281 545 1309 ,
576 1230 701 1326 qui
725 1218 1046 1322 separatur
1066 1252 1103 1294 a
1123 1247 1286 1295 terra
1304 1275 1325 1308 ,
1358 1219 2068 1296 inefl'elicetaffirmare.

450 1355 481 1400 1
504 1354 529 1398 ι
547 1379 564 1396 .
611 1331 869 1397 Verum
886 1325 1257 1393 communis
1277 1320 1599 1416 loquendi
1613 1323 1854 1398 usus‚ut
1869 1317 2029 1417 saepe
2048 1320 2473 1404 alibi‚naturae
2491 1320 2765 1424 ipsarum

354 1448 571 1494 rerum
611 1425 826 1492 minus
864 1419 1160 1492 accurate
1196 1416 1579 1519 respondet3
1618 1424 1707 1489 ita
1740 1417 1842 1486 hic
1863 1444 1999 1488 non
2017 1427 2334 1517 permittit
2355 1468 2378 1502 ‚
2419 1423 2528 1494 tali
2554 1422 2769 1497 modo

358 1520 441 1592 de
459 1545 646 1593 motu
664 1519 1052 1591 naturalium
1071 1544 1429 1618 corporum
1448 1543 1519 1591 ut
1536 1517 1913 1616 loquamur.

466 1648 492 1692 1
514 1649 576 1692 2.
626 1623 714 1692 Et
744 1616 927 1691 causa
953 1618 1220 1717 quidem
1262 1644 1375 1691 cur
1404 1619 1591 1690 aliter
1610 1617 1809 1716 vulgo
1832 1615 2180 1716 loquamur
2197 1618 2279 1692 de
2301 1647 2490 1694 motu
2510 1666 2531 1701 ‚
2569 1646 2770 1717 quam

357 1745 536 1793 nunc
553 1720 634 1793 de
654 1748 741 1792 eo
763 1716 1171 1791 sentiendum
1188 1718 1307 1792 effe
1332 1717 1650 1805 videmus,
1675 1720 1789 1788 ista
1811 1719 1924 1803 est,
1946 1717 2132 1816 quod
2150 1723 2366 1793 assueti
2384 1718 2595 1793 sumus
2612 1723 2769 1792 stare

352 1825 424 1891 in
459 1846 663 1908 terra,
709 1845 985 1919 eamque
1018 1841 1087 1890 ut
1121 1815 1555 1918 quiescentem
1587 1813 2034 1904 confiderare‚
2070 1821 2245 1917 quasi
2279 1821 2459 1894 idem
2498 1828 2776 1893 omnino

352 1916 626 2020 spatium
645 1966 668 1998 ‚
704 1921 991 1993 eundem
1015 1918 1240 1991 locum
1260 1924 1587 1992 internum
1611 1926 1681 1992 &
1700 1943 2035 1991 externum
2060 1973 2081 2005 ,
2113 1946 2235 1992 nec
2255 1947 2396 1996 non
2411 1921 2777 1994 distantiam
2808 1916 2823 1924 ⁰

322 2096 327 2100 ,
349 2019 388 2092 ὲ
414 2019 809 2121 quibuslibet
825 2018 1214 2119 corporibus
1229 2019 1507 2092 eandem
1528 2020 1824 2092 retineat.

455 2147 564 2213 13·
621 2118 820 2193 Unde
855 2118 969 2197 fit,
1005 2143 1114 2202 ut,
1150 2118 1302 2192 licet
1336 2121 1565 2219 aliquae
1596 2146 1778 2193 terrae
1810 2143 2026 2220 partes
2044 2119 2324 2224 pedibus
2346 2172 2370 2207 ‚
2407 2146 2520 2195 aut
2539 2116 2773 2191 calceis

350 2221 616 2305 nostris,
659 2221 884 2320 ligniS,
924 2218 1245 2317 lapidibus
1267 2228 1398 2293 δίε.
1426 2226 1811 2321 contiguas,
1849 2219 1931 2289 ab
1955 2220 2192 2295 horum
2210 2250 2569 2323 corporum
2586 2266 2609 2298 ³
2632 2245 2777 2319 quae

350 2347 530 2397 terrae
552 2315 844 2415 respectu
872 2316 1059 2388 valde
1082 2326 1376 2419 exiguam
1396 2319 1642 2392 habent
1667 2319 2188 2420 magnitudinem
2206 2376 2225 2409 ‚
2245 2328 2482 2393 vicinia
2502 2320 2777 2421 separari

351 2421 690 2497 videamus
713 2471 733 2501 ‚
770 2442 909 2486 non
933 2440 1154 2490 tamen
1173 2416 1375 2517 ipsam
1397 2445 1632 2491 terram
1647 2418 1807 2490 ideo
1831 2428 2086 2492 moveri
2106 2421 2212 2492 seu
2236 2419 2562 2492 transferri
2585 2444 2660 2490 ac
2681 2413 2775 2486 se-

352 2521 561 2623 parari
578 2513 961 2611 judicemus.
1365 2575 1372 2580 .

460 2646 490 2692 1
505 2647 575 2706 4.
631 2610 1230 2705 Quemadmodum
1244 2636 1463 2683 autem
1477 2612 1559 2683 de
1581 2639 1770 2694 terra,
1788 2638 1938 2683 cum
1957 2621 2169 2711 parvis
2191 2610 2508 2706 ejufinodi
2532 2642 2780 2714 corpo-

356 2715 538 2790 ribus
559 2711 800 2785 collata
817 2763 839 2792 ‚
880 2718 1248 2811 cogitamus
1272 2740 1287 2782 :
1320 2717 1408 2781 ita
1422 2718 1615 2783 etiam
1641 2710 1948 2781 sentimus
1967 2711 2047 2783 de
2064 2713 2202 2783 aliis
2224 2710 2611 2812 corporibus
2631 2719 2781 2811 qui-

354 2814 730 2910 buscunque
750 2864 772 2899 ,
817 2810 865 2882 fi
904 2836 1368 2912 comparentur
1387 2811 1791 2896 minoribus,
1835 2810 2029 2883 ut'illa
2050 2809 2412 2912 spectemus
2432 2811 2627 2886 veluti
2647 2821 2777 2885 im-

355 2940 577 2999 mota,
617 2913 714 2984 his
757 2932 1016 2982 motum
1054 2911 1446 2984 tribuamus:
1486 2937 1582 2984 ex.
1614 2939 1712 3012 gr.
1745 2907 1791 2981 fi
1827 2908 1994 2983 liber
2028 2912 2063 2983 ὲ
2094 2916 2325 2984 vicinia
2359 2918 2547 2986 unius
2577 2921 2781 3016 partis

358 3011 586 3089 mensae
610 3008 1021 3085 transferatur
1048 3016 1115 3084 in
1137 3017 1436 3084 viciniam
1457 3011 1737 3097 alteriuS,
1763 3017 2058 3109 quamvis
2075 3013 2396 3086 transsatio
2431 3033 2610 3113 (quae
2654 3011 2772 3084 'asl-

357 3112 454 3186 fio
497 3113 600 3184 seu
620 3110 881 3183 affectio
905 3117 995 3182 rei
1015 3115 1103 3183 est
1117 3107 1691 3210 quaetransfertur)
1737 3138 1924 3207 aeque
1947 3110 2019 3183 fit
2038 3118 2104 3184 in
2120 3110 2222 3182 illa
2244 3138 2428 3215 parte
2451 3044 2677 3186 menige
2694 3139 2773 3200 ac

356 3219 424 3285 in
457 3211 632 3284 libro
657 3218 972 3313 contiguo
991 3267 1013 3298 ,
1049 3240 1187 3285 non
1213 3235 1431 3284 tamen
1457 3209 1683 3284 mensae
1706 3266 1727 3297 ,
1767 3211 1875 3283 sed
1899 3209 2073 3284 libro
2095 3235 2360 3286 motum
2387 3212 2587 3314 vulgo
2610 3213 2776 3287 sole-

356 3340 502 3386 mus
521 3310 901 3385 adscribere.

466 3439 495 3485 1
517 3438 582 3506 5.
629 3410 758 3484 Sed
805 3408 1056 3483 causam
1094 3409 1341 3512 plenius
1381 3416 1745 3516 aperiamus
1765 3464 1786 3494 ‚
1821 3437 1935 3483 cur
1977 3438 2051 3485 ex
2084 3411 2343 3486 duobus
2384 3409 2780 3512 corporibus

359 3516 682 3612 contiguis
699 3554 720 3589 ,
746 3536 888 3607 quae
909 3508 1273 3609 separantur
1292 3509 1376 3579 ab
1395 3515 1671 3580 invicem
1697 3562 1717 3594 ,
1741 3506 1845 3580 seu
1862 3566 1883 3597 ‚
1909 3538 2190 3608 quorum
2210 3518 2278 3584 in
2294 3538 2572 3610 utroque
2593 3510 2781 3606 simul

358 3617 451 3687 est
481 3610 808 3684 transsatio
828 3661 847 3694 ,
886 3635 1084 3682 unum
1119 3615 1339 3708 potius
1359 3634 1555 3707 quam
1576 3607 1753 3680 aliud
1773 3618 2027 3683 moveri
2052 3612 2305 3685 dicatur
2321 3668 2342 3700 ,
2377 3612 2563 3685 sicuti
2584 3616 2653 3682 in
2673 3638 2781 3683 ex-

363 3713 596 3814 emplis
615 3707 818 3781 allatis
851 3735 964 3810 pes
995 3715 1218 3811 potius
1237 3735 1435 3808 quam
1455 3732 1647 3796 terra,
1670 3707 1836 3781 liber
1849 3718 2067 3811 potius
2089 3738 2284 3810 quam
2302 3709 2515 3785 mensa
2531 3717 2781 3789 moveri

363 3815 618 3885 dicitur.
1346 3807 1358 3818 ⁶

471 3917 581 3989 16.
634 3911 901 4008 Nempe
950 3936 1006 3982 1.
1042 3915 1304 4007 quoties
1339 3921 1599 3981 motum
1633 3912 1935 3984 reialieui
1958 3910 2382 4016 assignamus,
2423 3916 2788 4011 cogitamus

1793 4018 1853 4087 V
1917 4039 1947 4106 3
2644 4023 2787 4071 eam
