3391 4418
934 87 1015 175 C
1100 111 1159 169 o
1248 112 1310 173 u
1401 112 1458 173 τ
1542 112 1606 173 ιι
1686 85 1757 175 Ἀ
1847 118 1898 176 c
1971 115 2040 176 τ
2124 83 2212 173 Α.
2711 128 2816 211 51

387 230 507 283 aut
540 206 616 280 in
649 225 886 280 omnes
899 225 1118 306 partes
1135 225 1253 277 aut
1288 208 1357 276 in
1378 226 1576 277 unam
1597 205 1855 282 tantum
1871 200 2165 311 praetenfi
2182 256 2208 295 ‚
2254 224 2464 306 prout
2497 208 2664 286 radii
2701 240 2821 294 ant

387 303 1023 412 perpendiculariter
1037 328 1151 379 aut
1174 300 1447 407 oblique
1463 304 1790 382 incidunt.

496 418 663 506 674.
707 410 805 481 Ita
823 403 868 479 fi
888 405 1053 508 lapis
1077 405 1165 480 ad
1197 405 1746 579 perpendiculum
1779 402 2030 485 incidat
2050 410 2120 486 in
2145 430 2384 509 aquarn
2400 454 2428 493 ,
2467 409 2577 486 illa
2611 414 2809 490 undi-

391 534 656 691 guaque
684 505 1083 609 aequabiliter
1115 508 1194 581 di
1214 515 1510 612 pergitur
1539 538 1562 597 3
1624 505 1722 582 fin
1754 504 2025 613 oblique
2074 508 2327 585 incidat
2356 565 2381 602 ,
2435 515 2669 589 contr-‘l
2699 516 2801 592 fit.

441 660 463 684 ο
492 636 530 683 2
544 635 658 686 20·
1865 648 1870 652 ’

362 812 455 910 Γ
490 720 531 783 6
519 731 675 883 ΕΜ
704 706 953 785 Eadem
973 703 1388 783 “fractionis
1416 713 1584 788 ratio
1607 710 1834 817 -potest
1857 737 2130 815 quoque
2161 708 2346 790 cauta
2364 714 2485 791 effe
2505 741 2619 790 cur
2649 721 2797 791 rim

403 828 517 886 cm
679 859 717 883 .-

481 914 644 999 676.
700 912 1117 1012 Qae‘tamen
1133 904 1500 986 scintillatio
1520 916 1719 986 etiam
1741 910 2112 1018 &vaporum
2128 923 2200 991 &
2223 912 2543 991 halituum
2562 922 2629 987 in
2644 924 2791 990 ae're

379 1032 570 1084 motu
587 1006 909 1110 proficisci
927 1034 1145 1111 queat.

475 1120 645 1207 677.
693 1108 905 1183 Simili
923 1134 1206 1209 namque
1221 1111 1433 1184 modo
1454 1110 1652 1213 lapilli
1682 1118 1752 1185 in
1781 1109 1995 1188 fimdo
2026 1110 2460 1215 quiescentes,
2503 1110 2599 1186 ob
2617 1117 2789 1215 rapi-

375 1207 541 1283 dum
556 1209 1001 1309 superfluentis
1018 1235 1203 1305 aqua:
1219 1230 1481 1279 motum
1495 1264 1515 1292 ,
1545 1234 1820 1283 tremere
1844 1213 2171 1286 videntur.
2527 1240 2532 1253 “

480 1314 648 1402 678.
693 1310 789 1375 Ex
815 1305 1010 1378 distis
1029 1307 1311 1385 constat,
1350 1306 1707 1402 quomodo
1730 1310 2035 1399 Cometa:
2055 1307 2362 1380 differant
2381 1308 2419 1378 :l
2449 1313 2640 1381 novis
2669 1305 2795 1382 illis

379 1402 601 1488 stellis,
615 1426 758 1499 quae
777 1400 931 1473 cum
949 1407 1017 1474 in
1035 1425 1262 1472 centro
1324 1402 1616 1473 eculiaris
1630 1408 1896 1475 vorticis
1909 1404 2124 1478 adhuc
2141 1402 2467 1480 versentur
2481 1458 2503 1492 ,
2523 1407 2795 1480 fixarum

383 1500 546 1573 loco
565 1499 856 1572 necdum
871 1496 1236 1571 deturbatae
1248 1429 1407 1573 [gut.
1431 1502 1603 1601 §.63
1627 1525 1688 1592 3.
2011 1500 2014 1501 ⁷
2659 1586 2665 1595 ,

482 1610 657 1689 679.
710 1598 996 1671 Constat
1009 1596 1261 1701 insuper
1275 1645 1300 1682 ‚
1332 1599 1690 1700 quomodo
1711 1605 1902 1675 Luna
1915 1607 2159 1704 privari
2178 1600 2426 1676 lumine
2442 1658 2461 1686 ,
2490 1602 2682 1678 stellae
2703 1602 2790 1678 de‘

378 1696 586 1775 Coelo
600 1696 834 1773 cadere
846 1693 952 1771 seu
965 1703 1033 1771 in
1049 1698 1240 1772 alium
1261 1707 1577 1774 vorticem
1599 1700 1888 1775 incidere
1903 1755 1927 1789 ,
1957 1704 2310 1780 Coelorum
2334 1708 2628 1794 virtutes,
2645 1710 2795 1807 qui-

374 1798 501 1887 bus
515 1798 874 1876 seinvicem
891 1823 1221 1902 premunt,
1240 1800 1934 1905 commoveripoffint.
1970 1805 2220 1879 Matth.
2237 1830 2353 1897 24.
2372 1831 2495 1894 29.

472 1911 516 1976 6
526 1907 640 1976 80.
693 1900 963 2000 Nempe
985 1895 1030 1971 fi
1055 1904 1416 2003 contingat,
1433 1899 1689 1983 Solem,
1706 1899 1787 1977 ea
1801 1901 1932 2006 qua
1945 1900 2200 1981 dietum
2217 1903 2310 1977 est
2326 1910 2580 1980 ratione
2597 1953 2621 1986 ‚
2664 1901 2800 1979 ob-

369 1992 601 2079 scurari
620 2003 776 2075 &in
789 2004 1150 2077 Cometam
1172 2009 1356 2079 verti.
2403 2068 2408 2073 .

766 2200 863 2290 X
882 2204 922 2292 1
941 2199 1056 2292 Χ.
1115 2204 1578 2291 Flammam
1612 2226 1816 2291 ortus
1830 2201 2062 2314 ,situs
2074 2263 2103 2308 ,
2130 2225 2391 2289 motus.

420 2398 589 2472 681.
760 2399 1027 2471 Lanetae
1040 2397 1345 2473 differunt
1369 2399 1406 2472 a
1427 2402 1733 2475 Cometis
1751 2455 1772 2485 ,
1820 2399 2010 2499 qnod
2027 2444 2052 2478 ‚
2085 2401 2239 2474 cum
2260 2397 2390 2472 fint
2408 2404 2623 2474 minus
2637 2399 2787 2474 soli-

768 2493 840 2563 di
864 2545 887 2579 ,
908 2498 978 2566 in
998 2498 1427 2571 Solisvortice
1441 2494 1691 2598 semper
1712 2517 2010 2573 manent.
2062 2495 2322 2572 Confer
2353 2500 2477 2597 §.6
2533 2528 2584 2573 1.
2614 2497 2673 2570 se
2725 2526 2797 2598 q.

473 2602 565 2670 68
580 2619 643 2667 2.
694 2589 1293 2694 Qmadmodum
1329 2619 1539 2690 parvae
1574 2595 1679 2666 vel
1712 2597 1932 2665 minus
1968 2601 2220 2691 agitatre
2244 2620 2439 2664 naves
2490 2595 2652 2666 acile
2720 2622 2795 2666 e-

372 2694 661 2770 rinentur
674 2695 746 2764 in
760 2694 1012 2765 vortice
1027 2715 1210 2791 aquae
1233 2689 1339 2764 vel
1357 2692 1561 2763 fluvio
1586 2734 1611 2768 ‚
1644 2697 1711 2762 in
1725 2714 1926 2789 quem
1944 2687 2517 2763 semelincidemnt
2542 2719 2561 2764 z
2594 2696 2685 2763 ita
2718 2716 2793 2767 ut

376 2790 629 2870 cursum
647 2800 788 2889 ejus
799 2793 1124 2892 perpetuo
1142 2788 1506 2890 sequantur.
1522 2792 1585 2882 §.
1617 2817 1652 2863 2
1665 2797 1703 2863 8
1723 2817 1752 2883 3
1768 2843 1789 2866 .

468 2900 608 2992 683
622 2946 641 2966 .
694 2896 1012 2994 Cogitate
1034 2896 1210 2965 enim
1220 2893 1380 2966 licet
1394 2945 1418 2980 ,
1456 2912 1558 2963 tot
1576 2895 1864 2965 vortices
1895 2887 2250 2963 debiliores
2269 2887 2306 2963 d
2320 2885 2595 2964 fortiore
2615 2889 2792 2971 Solis

374 2999 620 3070 vortice
633 2997 702 3066 in
711 2997 1036 3095 principio
1058 3017 1275 3065 rerum
1294 2989 1609 3093 paulatim
1631 2990 1964 3094 abreptos,
2000 2997 2067 3070 §-
2089 3001 2261 3084 643.
2282 2985 2464 3091 seqq.
2579 2997 2582 3000 ’

476 3108 517 3170 6
530 3102 642 3191 84.
689 3101 888 3194 Qt
903 3118 1076 3166 nunc
1094 3097 1163 3165 in
1179 3093 1351 3167 Solis
1370 3096 1616 3188 vortice
1632 3092 1915 3164 Planetae
1930 3095 2354 3190 reperiuntur.

473 3202 602 3290 685
617 3246 637 3267 .
682 3197 764 3266 Et
775 3217 977 3295 prout
989 3201 1200 3289 major
1214 3192 1507 3266 minorve
1522 3191 1765 3280 horum
1783 3192 2196 3264 planetarum
2214 3190 2303 3262 est
2321 3186 2609 3264 soliditas
2629 3241 2658 3278 ,

478 3304 519 3368 6
533 3300 643 3367 86.
709 3299 803 3366 Ita
821 3300 1023 3396 magis
1041 3319 1153 3373 aur
1167 3295 1380 3368 minus
1401 3291 1437 3364 a
1459 3293 1614 3366 Sole
1627 3313 1930 3364 remotos
1954 3286 2156 3364 fuiss‘e.

473 3396 640 3484 687.
686 3396 865 3466 Nem
916 3420 952 3467 e
970 3407 1239 3469 Samma
1257 3394 1409 3467 inde
1423 3394 1512 3463 est
1527 3389 1995 3467 remotiffimus
2012 3445 2034 3477 ,
2061 3396 2172 3492 qui
2193 3388 2239 3462 fi
2255 3391 2456 3495 paulo
2466 3391 2616 3493 plus
2635 3390 2780 3491 agi-

376 3500 641 3567 tationis
656 3501 725 3568 &
741 3421 1073 3568 soliditatis
1095 3491 1436 3571 habuisset,
1458 3497 1519 3565 C
1529 3514 1753 3564 ometa
1766 3490 2066 3566 evafisset.

482 3602 649 3672 688.
708 3598 1013 3693 Sequitur
1043 3601 1255 3687 Iupiter
1294 3616 1447 3663 cum
1482 3614 1766 3690 quatuor
1799 3592 2077 3665 Planetis
2117 3588 2499 3664 secundariis
2527 3632 2549 3669 ,
2606 3611 2780 3688 quos

372 3693 589 3769 verius
607 3719 762 3768 eum
783 3691 1078 3794 delapsos
1102 3691 1464 3790 judicamus
1491 3745 1508 3770 ,
1549 3717 1904 3791 antequam
1932 3691 1971 3764 :i
1988 3690 2158 3767 Solis
2191 3695 2442 3765 vortice
2474 3684 2787 3762 absorbe·

371 3819 553 3870 retur
570 3801 647 3883 is,
659 3799 1027 3894 quiJovem
1045 3799 1112 3867 in
1135 3793 1362 3867 medio
1382 3793 1796 3867 continebat.
2167 3879 2174 3884 ,

472 3902 645 3999 689.
691 3897 1001 3975 Vicinior
1043 3893 1185 3969 Soli
1228 3906 1388 3969 Mars
1429 3895 1557 3986 est,
1611 3900 1723 3994 qui
1764 3891 1919 3968 licet
1953 3897 2173 3968 minor
2199 3889 2408 3966 Terra
2444 3939 2469 3979 ‚
2522 3882 2789 3958 solidior

1700 4000 1767 4070 G
1825 4020 1867 4067 2
2177 4009 2184 4014 ’
2211 4007 2220 4010 ’
2567 4000 2790 4056 tamen
