3391 4418
2411 83 2439 103 q

599 109 901 192 ¹72‘
1247 75 2341 172 D1s12urA-1-10

580 203 761 270 niam
778 214 861 264 ex
873 186 1080 263 oculis
1097 188 1329 261 nostris
1348 186 1509 260 abit.
1558 186 1692 263 Sed
1711 215 1942 264 contra
1963 199 2428 273 eaconstantet
2444 201 2693 287 docent
2711 211 3011 294 Philoso-

545 364 548 369 ,
577 286 694 399 phi
714 346 736 381 ,
775 296 1113 365 materiam
1149 292 1367 361 omnis
1379 293 1822 391 generationis
1840 299 2366 398 &corruptionis
2385 303 2508 378 effe
2525 334 2854 409 expertem
2875 370 2898 405 ‚
2931 348 3011 397 ac

565 386 662 468 vne
676 384 885 464 hilum
904 388 1177 491 quidem
1195 416 1527 491 corporeae
1539 386 1900 487 substantiae
1920 398 2293 472 naturaliter
2313 428 2601 504 unquam
2625 411 2807 488 abire
2827 426 2894 491 in
2910 430 3012 494 ni-

495 522 500 533 ·
575 494 820 575 hilum,
868 517 980 563 aut
1014 491 1050 563 ὲ
1084 488 1291 563 nihilo
1321 496 1665 590 provenire
1686 543 1707 576 ,
1744 486 2097 568 secundum
2131 498 2326 573 illud:
2363 507 2878 602 Nilfien'exnihilo
2893 574 2914 607 ‚
2951 525 3011 593 in

461 596 464 597 ’
573 584 815 667 nihilum
826 592 1052 687 m'lpoffi·
1069 590 1292 685 refiilvi.
1354 591 1564 687 Cujus
1588 591 1864 688 quidem
1884 589 2207 670 sententia:
2221 609 2453 677 veritas
2466 610 2546 678 iis
2555 612 2882 709 probatur
2903 645 3006 693 at..

574 696 900 797 gumentis
918 734 945 768 ‚
975 686 1210 786 quibus
1233 688 1617 775 ostenditur,
1657 687 1931 786 spatium
1951 722 2232 772 vacuum
2251 705 3006 797 contradiekionemim-

573 793 817 894 plicare
835 811 947 862 aut
965 787 1184 860 saltem
1206 787 1630 888 demonstrari
1652 792 2026 866 naturaliter
2046 822 2183 869 non
2203 801 2412 902 posse.
2697 861 2701 865 »

555 881 562 887 ’
679 899 798 964 26.
845 896 1072 988 Itaque
1091 941 1112 974 ,
1140 887 1715 986 quemadmodum
1747 892 2060 968 nonlicet
2084 895 2340 974 huncin
2357 906 2635 983 modum
2652 921 3006 995 ratiocinii-⁴

479 972 488 979 ³
547 1018 550 1021 ’
574 996 626 1063 ri
651 1019 668 1063 ε
712 1017 849 1063 non
870 992 1066 1063 'video
1089 988 1263 1060 unde
1287 987 1676 1060 materiailla
1694 996 1945 1065 venerit
1961 1039 1984 1070 ,
2023 1022 2183 1098 ergo
2195 996 2326 1095 jam
2395 1010 2633 1083 timum
2650 1014 2773 1089 effi:
2791 1028 3005 1121 coepit

573 1096 645 1161 in
680 1088 965 1175 mund03
1005 1114 1129 1160 nec
1165 1094 1292 1159 ita:
1326 1084 1607 1160 sensibus
1629 1113 1766 1160 non
1785 1099 2083 1194 percipio
2102 1150 2125 1183 ‚
2156 1103 2293 1197 quo
2312 1030 2548 1196 αἱρεῖ,
2584 1138 2742 1214 ergo
2764 1117 2995 1195 definit

565 1186 693 1261 else
723 1195 791 1261 in
819 1184 1122 1275 universo
1145 1242 1166 1274 ,
1208 1211 1402 1285 atque
1422 1193 1510 1258 ita
1530 1195 1663 1280 jam
1690 1216 2000 1293 augetur,
2025 1196 2160 1285 jam
2176 1206 2491 1277 minuitur
2506 1221 2783 1287 materiae
2805 1244 3002 1293 mun.-

569 1289 753 1363 danae
789 1293 1111 1387 quantitas
1132 1315 1150 1360 ε
1183 1287 1269 1359 fic
1288 1313 1499 1388 neque
1521 1289 1676 1361 licet
1690 1289 1770 1362 de
1785 1318 1977 1365 motu
1997 1294 2286 1391 judicare
2306 1353 2329 1389 ‚
2368 1300 2574 1381 sensus
2592 1337 2731 1386 non
2751 1314 2998 1411 docet,

566 1388 745 1463 unde
767 1414 990 1465 motus,
1003 1387 1096 1459 illi
1112 1390 1406 1462 oriantur
1420 1442 1441 1472 ‚
1468 1414 1680 1488 neque
1698 1392 2023 1479 ostendit,
2045 1401 2111 1468 in
2131 1424 2275 1496 quae
2290 1399 2410 1473 alia
2425 1430 2711 1509 corpora
2731 1418 3002 1495 transfe-

563 1513 793 1562 rantur
811 1544 832 1576 ,
856 1487 1249 1589 ergo‘modo
1274 1498 1484 1584 major
1501 1489 1760 1569 ‚modo
1781 1498 2001 1566 minor
2017 1500 2637 1592 in.rerumunivetso
2648 1539 2869 1599 motus
2885 1523 3004 1599 est.

669 1615 794 1687 27.
834 1595 946 1670 At,
968 1594 1224 1687 inquies
1243 1642 1266 1673 ,
1299 1586 1464 1662 velle
1487 1611 1549 1659 te
1572 1586 1779 1661 sensus
1798 1589 1921 1665 hac
1943 1601 2008 1664 in
2021 1621 2207 1696 parte
2234 1599 2522 1678 deserere
2544 1662 2565 1695 ‚
2603 1611 2766 1689 dum
2783 1621 3005 1697 modo

562 1693 883 1759 tationem
908 1688 1252 1788 perspicias
1273 1685 1646 1760 evidentem
1670 1739 1691 1772 ,
1723 1713 1864 1785 quae
1880 1692 2284 1773 demonstret
2300 1746 2324 1779 2
2355 1706 2635 1784 eandem
2651 1740 2824 1790 nunc
2847 1747 3005 1795 mo·-

561 1808 674 1860 tus'
684 1792 1110 1887 quantitatem
1128 1785 1247 1858 effe
1266 1792 1332 1858 in
1351 1784 1606 1858 mundo
1623 1840 1647 1873 ‚
1680 1787 1957 1884 quaefuit
1977 1790 2113 1867 h'eti
2137 1849 2158 1881 ,
2192 1804 2333 1873 imo
2350 1830 2493 1903 quae
2511 1805 2634 1886 fuit
2651 1840 2800 1889 ante
2821 1822 2996 1895 mille

559 1913 770 1963 annos
792 1942 820 1975 2
849 1896 922 1964 ἃς,
942 1914 1087 1987 quae
1106 1892 1225 1959 etit
1244 1887 1393 1987 post
1418 1883 1597 1957 mille
1618 1913 1826 1965 annos
1842 1946 1865 1978 ,
1901 1889 1948 1963 fi
1969 1895 2241 1992 quidem
2260 1928 2485 1978 natura
2508 1937 2722 1989 terum
2742 1920 3007 2001 tamdiu-

561 1985 640 2060 fir
662 1988 824 2061 dura
842 2010 1004 2059 tuta.
1058 1991 1219 2057 Eam
1238 1991 1430 2087 igitur
1445 1991 1773 2063 rationem
1791 2013 1862 2066 ut
1878 1997 2271 2097 explicemus
2293 2032 2493 2109 opera
2511 2011 2819 2122 deinceps
2828 2049 3003 2123 prae--

500 2079 507 2091 ‘
562 2088 754 2187 cipue
772 2083 965 2158 nobis
984 2081 1200 2157 danda
1221 2087 1353 2172 est„
1394 2093 1466 2161 δι,
1487 2112 1586 2161 tes
1606 2086 1645 2162 ὲ
1661 2098 1873 2191 capite
1892 2095 2281 2175 atceffitnda.
2350 2166 2356 2173 .

580 2253 584 2259 .
665 2187 780 2262 28.
812 2185 1060 2259 Merito
1086 2211 1309 2262 autem
1327 2213 1451 2262 nos
1473 2194 1887 2277 continemus
1903 2199 2072 2273 intra
2087 2202 2323 2281 limites
2339 2212 2992 2321 Philosophianatu-

552 2285 699 2359 talis
715 2340 735 2372 ‚
765 2285 839 2370 Ec
859 2284 1130 2384 quidem
1147 2287 1459 2389 generalis
1476 2335 1506 2369 2
1528 2317 1741 2389 neque
1757 2292 1841 2366 dc
1860 2301 2105 2400 angelis
2120 2305 2625 2415 velintelligenti
2636 2331 2687 2395 is
2702 2376 2723 2409 ‚
2751 2325 2999 2400 velliu-

547 2384 1120 2464 manisanimabus
1132 2397 1266 2487 jam
1286 2388 1705 2490 disputamus,
1730 2389 1883 2469 cum
1900 2395 2041 2476 haec
2061 2405 2094 2475 ὲ
2121 2404 2411 2502 Physica,
2426 2440 2537 2489 aut
2554 2424 2727 2504 certe
2748 2423 2783 2493 ὲ
2800 2451 3001 2527 parte-

547 2485 688 2583 ejus
703 2488 988 2590 generali
1004 2489 1214 2564 aliena
1234 2489 1373 2564 lint.
1384 2492 1455 2562 N
1459 2489 1569 2561 ihil
1584 2495 1763 2596 enim
1780 2503 1848 2568 in
1868 2495 1988 2572 hac
1999 2528 2231 2603 ptaetet
2248 2523 2583 2598 materiam
2596 2531 2673 2596 ,δε
2692 2550 3001 2617 motum„

547 2613 626 2663 ac.
642 2592 914 2678 Deum,
950 2594 1066 2691 qui
1084 2596 1317 2665 aucstor
1334 2590 1424 2664 est
1445 2589 1772 2694 utriusque
1794 2641 1818 2674 2
1858 2594 2282 2699 spectandum
2302 2613 2497 2690 nobis
2517 2620 2879 2704 exhibetur.
2934 2671 2941 2679 -

651 2717 687 2762 2
699 2714 771 2778 9.
815 2696 1115 2765 Simorum
1134 2689 1769 2795 ipsumrcspiciamus
1786 2749 1819 2776 ,.
1838 2700 2014 2803 nulla
2034 2706 2132 2778 est
2142 2707 2326 2784 causa
2341 2767 2364 2800 ‚
2407 2743 2522 2791 cut
2540 2746 2714 2798 nunc
2733 2733 2937 2802 minui
2951 2774 2991 2812 ‚.

545 2813 725 2862 nunc
757 2800 975 2889 augeri
1002 2790 1286 2878 debeat,
1319 2798 1637 2891 quoniam
1655 2849 1676 2882 ,
1711 2793 2019 2876 mistmet
2038 2803 2240 2905 ipsum
2258 2815 2580 2896 nonefecit
2603 2852 2619 2895 z
2653 2830 2742 2897 ita
2756 2851 2975 2928 ,neque

545 2884 748 2959 semet
779 2886 987 2985 ipsttm
1018 2888 1343 2961 destruere
1372 2895 1609 2989 potest.
1662 2894 1850 2968 Nihil
1890 2910 2131 3004 quippe
2150 2904 2236 2981 sui
2260 2915 2449 3015 ipsius
2471 2920 2658 2998 causa
2682 2925 2973 3002 efficiens

540 2983 664 3060 effi:
684 3009 899 3082 queat.
952 2985 1146 3060 Nihil
1160 2993 1354 3074 etiam
1371 2986 1589 3091 suapte
1611 3019 1838 3069 natura
1855 3003 1941 3096 ad¹
1958 3001 2000 3073 s
1986 3009 2050 3075 ui
2067 3006 2571 3094 destructionem
2589 3025 2876 3103 tendere.
2982 3073 2997 3104 -.

651 3111 765 3175 30..
821 3090 1079 3160 Materia
1106 3114 1227 3189 per
1258 3087 1319 3166 se
1353 3085 1635 3191 speQata
1652 3145 1672 3181 ,
1709 3095 1859 3174 cum
1894 3102 2054 3180 nihil
2088 3109 2265 3188 aliud
2308 3114 2384 3191 lit
2405 3173 2426 3206 ‚
2460 3125 2658 3223 quam
2699 3132 2871 3204 iners
2903 3138 2976 3205 ὃς

538 3180 750 3257 otiosa
774 3186 985 3258 moles
1002 3239 1024 3272 ‚
1055 3185 1326 3263 in'nud‘a
1347 3191 1719 3268 extensione
1736 3252 1758 3284 ,
1791 3196 1928 3277 hoc
1952 3208 2042 3278 cst
2057 3206 2469 3313 longitudine
2489 3223 2885 3309 „latitudine
2902 3240 2975 3304 &c

535 3279 989 3383 profunditate
1006 3286 1351 3378 consistens
1380 3293 1590 3387 (unde
1608 3303 1997 3403 principium
2021 3314 2198 3384 merc
2222 3318 2536 3413 paffivum
2566 3325 2993 3433 Philosophia

535 3376 942 3485 appellatur)
971 3412 1185 3487 neque
1205 3390 1357 3464 dare
1375 3445 1399 3478 ‚
1436 3418 1646 3492 neque
1663 3397 1955 3477 adimere
1978 3404 2094 3479 fibi
2113 3426 2641 3522 motum-potest.

641 3514 669 3578 3
694 3510 751 3557 1·
805 3491 1035 3584 Itaque
1072 3487 1162 3560 ad
1194 3503 1380 3564 Deum
1395 3534 1420 3569 2
1456 3520 1664 3590 quem
1679 3499 1943 3576 causam
1962 3517 2246 3589 matetiae
2262 3528 2335 3593 &
2355 3547 2578 3598 motus
2598 3525 2720 3602 effe
2742 3529 2980 3606 docui-

531 3608 711 3664 mus,
744 3582 964 3660 denuo
1004 3587 1204 3662 nobis
1227 3591 1319 3663 est
1356 3598 1817 3672 recurrendum
1836 3647 1861 3680 ‚
1901 3612 1972 3678 ὅ(
1993 3613 2309 3709 quidnam
2333 3650 2408 3697 ex
2437 3624 2967 3704 consideratione
3001 3677 3005 3682 ·

525 3681 781 3756 illarum
798 3712 831 3754 e
833 3694 939 3782 jus
944 3687 1434 3859 perfectionum
1459 3747 1480 3777 ,
1510 3719 1788 3793 quarum
1809 3728 1934 3777 nos
1954 3719 2262 3791 notitiam
2279 3723 2564 3825 aliquam
2579 3725 2822 3805 habere
2842 3759 2970 3806 vo-

969 3816 989 3860 1

522 3781 685 3868 luit,
718 3808 942 3858 natura
1033 3793 1303 3866 rationis
1333 3791 1620 3877 lumine,
1656 3803 1845 3899 quod
1881 3808 2081 3887 nobis
2100 3818 2376 3919 indidit,
2423 3825 2510 3902 de
2529 3831 2971 3935 repropofita.

523 3882 1060 3967 concludendum
1072 3891 1181 3973 fit,
1205 3890 1708 3999 dispiciendum.

2634 4060 2749 4138 3²¹³·
2801 4035 2955 4109 Tri*
